1889 3264
115 118 146 163 30
393 120 441 159 cir.
451 121 472 169 Ι,
486 134 503 158 v.
514 124 576 159 r-n.

149 247 169 296 2)
186 245 219 283 Ad
235 244 318 282 alteram
333 245 480 295 (quaestionem,
500 246 580 296 quinam
599 246 702 294 patiantur
718 247 856 294 calamitatem,

115 313 195 365 plurimi
211 325 280 351 rursus
296 312 424 362 interpretes:
443 314 550 362 Assyrios,
566 313 697 363 respondent3
714 316 796 366 reliqui,
813 316 856 352 Mn-

114 392 215 428 noonrcs,
233 380 331 427 Tirinus,
344 380 436 428 blancis,
448 380 528 428 biron,
541 380 638 428 Honnnn.
651 382 714 430 probe
726 383 752 419 ad
763 384 857 421 Israelem

115 450 213 496 referunt,
234 448 306 499 quibus
324 461 363 486 non
381 448 493 486 dubitamus
513 448 611 487 assentiri.
640 448 693 487 Nam
709 450 731 500 a)
744 450 807 488 altera
822 451 858 488 illa

116 524 169 556 stare
185 516 265 554 omuino
283 516 351 567 nequit
367 516 473 554 sententia:
499 517 554 565 „bac
568 516 611 555 m‘ce
626 516 655 555 ita
671 529 708 555 vos
725 516 800 567 affliget
818 532 858 556 una

116 586 177 636 plaga
188 585 255 631 Deus,
271 590 293 622 ut
304 584 422 633 repetitione
439 596 489 633 opus
500 596 541 621 non
557 584 593 632 sit,
610 598 649 623 una
663 584 723 635 plaga
735 597 772 623 vos
784 585 859 634 planis-

117 654 166 692 sime
174 651 324 703 pessumdabit⁴
333 650 858 704 (atrismanus,renascuntur,Eir,H1rz.);

116 721 160 769 vel,
176 720 210 757 ubi
222 732 233 757 e
243 719 321 757 Betim
333 719 430 756 sententia
445 719 545 757 alludatur
559 720 585 757 ad
596 720 658 758 lonae
673 719 782 758 orationes:
804 732 859 768 „non

115 789 187 827 iterum
199 792 267 837 surget
277 786 411 836 poenitentiae
424 787 527 837 angustia,
539 800 591 825 nunc
602 794 647 826 ruet
659 788 742 826 exitium
754 788 813 839 (l)“;
827 788 859 825 vel

115 857 209 905 insuper,
228 855 245 892 si
261 854 286 892 ad
301 854 388 904 priorem
404 855 471 903 illam,
490 869 550 906 quam
565 855 630 904 aiunt,
647 856 722 894 factam
737 857 762 894 ab
779 856 860 894 Arbace

116 923 285 974 expugnationem
296 922 425 972 respiciatur:
438 936 463 961 ex
475 936 499 961 ea
511 923 590 974 quidem
598 923 724 973 respira-stis,
736 936 789 961 nunc
800 923 860 973 plane

116 990 270 1041 exstinguemiui
281 989 409 1040 (Raciliam).
438 990 489 1029 Tale
501 991 548 1042 quid
564 991 615 1029 enim
629 992 702 1029 idoneo
718 991 860 1029 sententiarum

116 1059 177 1097 nexui
188 1058 248 1108 plane
260 1058 380 1095 contrarium
393 1065 433 1105 est,
446 1071 506 1109 annn
515 1059 616 1097 atrocibus
626 1061 650 1097 ab
659 1059 718 1097 initio
728 1059 794 1098 verbis
803 1071 859 1109 prae-

117 1127 203 1164 dicatum
223 1132 262 1173 cst,
284 1125 384 1176 quomodo
401 1126 464 1164 iratus
480 1126 579 1165 Dominus
597 1127 688 1165 inimicos
707 1139 754 1165 suos
771 1126 860 1164 funditus

118 1199 203 1242 evertat,
217 1216 240 1221 -—
257 1198 277 1231 et
289 1206 349 1244 qriam
360 1193 450 1243 languet,
467 1193 483 1232 si
496 1193 592 1231 dicentem
604 1207 656 1232 nunc
671 1194 750 1232 feceris:
772 1207 812 1231 non
829 1194 860 1232 bis

117 1263 138 1300 in
158 1261 292 1301 calamitatem
311 1261 397 1308 incides,
419 1261 453 1299 sed
472 1262 540 1300 statim
556 1267 575 1300 tc
594 1262 679 1300 delebit?
709 1262 732 1312 b)
744 1261 797 1299 Tum
812 1274 860 1300 vero

117 1329 237 1380 respiciendi
248 1333 305 1366 erunt
316 1341 335 1366 r.
347 1332 368 1366 l‘l
381 1333 399 1366 et
415 1328 446 1376 II,
460 1332 480 1376 l3
497 1329 530 1367 nbi
542 1341 586 1367 cnm
598 1335 666 1380 aperte
677 1329 796 1367 Iudaeorum
808 1330 860 1367 cala-

117 1398 197 1436 mitates
209 1398 234 1435 ab
250 1396 342 1447 Assyriis
359 1402 442 1446 paratae
461 1397 500 1434 iam
518 1397 539 1434 in
556 1410 578 1435 eo
595 1410 638 1436 esse
659 1403 681 1435 ut
696 1397 788 1435 desinant
803 1410 861 1447 prae-

118 1465 214 1513 dicentur,
226 1466 275 1503 haec
287 1477 366 1515 quoque
374 1465 437 1502 verba
449 1465 474 1503 ad
487 1465 568 1503 eandem
581 1465 679 1516 exigenda
691 1477 781 1503 normam
794 1470 860 1512 erunt3

118 1534 202 1584 denique
214 1542 259 1570 nis
273 1532 293 1569 in
304 1532 343 1569 hoc
355 1545 413 1570 versu
424 1532 500 1583 relegat
511 1532 598 1583 legentes
611 1533 636 1571 ad
649 1543 694 1572 aas
707 1546 726 1571 v.
736 1536 746 1570 ’ῖ
752 1562 757 1581 ,
774 1546 825 1584 quae
837 1533 861 1571 de

117 1602 192 1640 Israele
203 1599 290 1638 valebat.

152 1669 193 1707 Hic
208 1667 268 1719 igitur
282 1666 366 1706 idoneus
381 1667 486 1706 verborum
504 1681 573 1707 sensus
591 1673 630 1706 est:
656 1668 704 1718 qnid
719 1681 767 1716 ros,
785 1668 861 1717 ludaei,

119 1736 212 1787 cogitatis
225 1735 249 1773 de
260 1735 363 1773 Domino?
381 1736 475 1786 quidnam
486 1736 642 1786 exspectandum
654 1736 679 1773 ab
692 1748 715 1774 eo
728 1736 862 1774 existimatis?

118 1805 220 1855 putatisne
231 1815 268 1842 uos
283 1803 323 1841 iam
335 1803 366 1840 ira
382 1815 419 1841 sua
433 1802 477 1841 iore
493 1803 617 1842 exstinctos?
636 1804 676 1840 imo
688 1816 748 1851 nero,
764 1800 861 1854 Assyrios

118 1873 233 1922 exstinguet
243 1871 277 1908 ille
290 1876 350 1921 atque
362 1870 444 1909 delebit!
462 1885 487 1909 ne
499 1870 618 1921 opinemini,
634 1884 679 1909 cum
690 1884 753 1921 nuper
768 1871 789 1910 in
801 1884 862 1922 angu-

119 1941 168 1979 stias
181 1946 201 1977 et
212 1939 331 1990 gravissima
346 1943 437 1989 tempora
451 1939 570 1987 incideritis,
586 1938 651 1977 redire
667 1938 735 1977 eadem
750 1940 775 1977 ab
792 1939 862 1979 iisdem

118 2008 221 2054 lrostibus3
242 2007 292 2055 imo,
309 2019 417 2057 numquam
433 2012 503 2045 contra
514 2019 550 2045 vos
565 2006 646 2044 reducet
660 2006 741 2056 agmina
758 2020 804 2054 sua,
819 2007 863 2057 ipse

120 2075 226 2114 confestim
238 2074 276 2112 erit
288 2075 403 2112 devastatus
415 2080 435 2111 et
447 2074 536 2113 sublatus
546 2088 557 2112 e
568 2074 643 2112 mediol
661 2073 717 2122 Quae
726 2087 770 2112 cunr
779 2074 808 2113 ita
816 2075 862 2123 sint,

120 2157 179 2182 omne
190 2141 278 2181 Nabumi
294 2141 408 2180 vaticinium
423 2141 477 2180 hisce
492 2142 558 2181 verbis
575 2142 672 2180 contineri
688 2147 708 2180 et
723 2143 863 2192 comprehendi

120 2212 220 2259 videmus,
237 2210 308 2261 quibus
320 2210 393 2248 anxios
410 2215 429 2248 et
444 2209 540 2248 sollicitos
552 2210 670 2248 ludaeorum
678 2199 760 2248 'animos
772 2210 863 2248 consola-

119 2285 183 2328 retur,
197 2279 335 2328 desperatione
347 2277 433 2316 deiectos
445 2276 471 2316 ad
483 2290 538 2328 spem
550 2284 570 2316 et
582 2278 720 2316 confidentiam
732 2283 840 2316 revocaret.

154 2348 198 2385 Iam
210 2358 268 2394 vero,
281 2347 298 2384 si
309 2346 335 2383 ad
346 2345 441 2385 Israelem
452 2351 516 2384 totum
527 2347 626 2396 respicere
636 2357 716 2384 versum
727 2345 863 2395 intelligimus,

121 2427 219 2467 quaenam
233 2413 269 2451 illa
281 2413 373 2464 angustia
385 2419 425 2461 est,
442 2427 493 2464 quae
509 2413 569 2451 semel
581 2414 661 2464 quidem
675 2413 749 2463 pressit
759 2413 863 2464 populum,

120 2496 157 2521 nec
173 2481 285 2533 repetetur?
314 2480 362 2519 Non
378 2494 438 2531 posse
453 2481 492 2520 nisi
506 2481 531 2519 de
543 2480 649 2521 Sanheribi
663 2481 684 2518 in
701 2487 775 2519 terram
787 2494 864 2520 sacram

120 2551 232 2601 irruptione
243 2548 339 2599 cogitari,
351 2554 404 2587 recte
415 2549 465 2587 vidit
472 2549 599 2596 Mnmmnos3
611 2548 702 2599 idemque
714 2549 755 2587 fere
766 2549 864 2588 hebraeus

121 2618 245 2657 iheronimi
260 2617 365 2667 magister:
383 2629 442 2664 „non
460 2617 526 2655 tradet
542 2616 599 2655 vobis
614 2616 684 2655 Iudam
700 2623 720 2655 et
730 2616 864 2665 Hierusalem,

122 2687 174 2725 sicut
186 2685 268 2724 tradidit
278 2684 336 2723 robis
349 2685 415 2724 decem
431 2679 494 2723 tribus
510 2690 530 2722 et
541 2683 651 2724 Samariam
656 2687 680 2732 ;“
697 2685 794 2724 eiusmodi
804 2684 866 2734 igitur

122 2754 270 2793 tribulationem
282 2765 321 2791 non
332 2754 403 2791 iterum
416 2754 512 2792 adversus
520 2752 605 2792 Iudaeos
618 2765 737 2804 consurgere
746 2753 794 2790 dicit
802 2757 864 2799 vates,

122 2836 158 2861 nee
170 2834 258 2874 unquam
270 2821 400 2871 Assyriorum
416 2821 475 2860 etiam
488 2821 586 2860 exercitus
598 2828 644 2859 ante
656 2826 726 2871 portas
739 2820 792 2859 urbis
805 2820 866 2858 collo·
