1889 3264
93 149 124 196 tt
368 154 458 203 Gran,
472 158 563 193 arr-rr.

91 277 144 326 illas,
154 278 180 317 ad
189 291 240 329 quas
251 291 316 329 aquae
327 280 485 328 transferuntur,
498 278 647 327 similitudines,
660 280 756 319 contineri
768 292 836 319 omnes

93 345 213 397 cogitatione
226 346 292 385 vitae
304 347 392 386 ostendit
397 361 403 395 ;
420 353 450 386 eet
461 359 508 386 vero
521 347 563 387 vita
574 346 682 385 seeundum
693 348 781 397 gentium
792 349 836 386 illa-

93 426 138 451 rum
153 426 177 452 ac
187 413 324 453 Israelitarum
336 415 453 465 praesertim
469 415 587 469 seutentiam
601 426 642 452 non
654 427 709 453 mera
723 415 835 464 existentia,

93 481 129 520 sed
145 482 232 531 carita,
250 496 359 534 quaerere
372 483 471 521 nominari
488 483 530 521 uita
550 482 608 521 unice
628 482 696 531 debet,
717 482 802 522 felicitas
818 489 837 521 et

94 549 197 587 beatitudo
213 556 232 588 et
247 551 311 599 salus,
329 564 381 601 quae
396 564 439 589 cuno
454 550 538 601 eogitari
553 550 596 589 sine
610 550 734 600 plenitudine
748 555 768 588 et
779 550 837 601 copia

93 622 189 669 nequeat,
211 618 330 656 transfertur
344 631 398 669 aqua
413 619 513 657 interdum
527 618 553 656 ad
570 617 718 656 similitudinem
734 618 837 666 ubertatis,

94 696 135 722 non
147 685 222 724 omisso
238 690 304 723 tamen
319 686 420 725 felicitatis
435 699 479 724 cum
497 699 520 724 ea
536 686 652 724 coniunctae
667 690 768 735 respectu3
784 691 838 725 recte

93 752 155 803 igitur
163 751 365 792 Hnuosrmmnoros
375 754 402 792 ad
409 755 473 804 Apoc.
481 753 549 802 XVII,
559 757 574 792 l.
585 755 606 791 15
616 759 687 804 stagno
699 753 741 792 sire
750 753 838 803 piscinae

94 833 192 871 aquarum
208 822 322 871 comparari
332 821 407 860 Ninum
420 822 477 861 doeet
493 823 518 860 ob
535 821 639 860 commoda
655 834 706 871 quae
721 834 746 859 ex
763 821 839 871 ingenti

94 887 196 925 hominurn
205 889 299 927 confluxu
307 890 455 938 redundabant,
468 903 512 928 cum
521 889 635 928 divitiarum
643 888 731 927 ubertati
742 902 760 928 v.
770 892 791 927 10
803 902 838 939 op-

95 960 183 1006 ponatur
195 956 295 1006 spoliatio,
317 956 358 996 Otr.
371 957 440 996 Ierem,
448 957 483 1006 LI,
493 960 524 996 13:
538 987 550 1005 „
557 970 608 1007 quae
619 956 698 995 habitas
710 957 764 1006 apud
775 970 839 1007 aquas

85 1023 181 1070 multas,
198 1029 217 1061 et
232 1024 288 1062 dives
302 1037 324 1063 es
337 1025 462 1073 thesauris&
475 1025 508 1063 all.
530 1025 605 1063 Parum
617 1036 664 1075 ergo
676 1024 768 1063 viderunt
778 1024 839 1062 iuter-

95 1096 162 1141 pretes
174 1090 233 1142 longe
241 1091 332 1141 plurimi,
344 1105 389 1131 enm
400 1092 464 1131 solam
475 1091 607 1130 multitudinis
618 1091 728 1129 incolarum
740 1091 839 1141 signitica-

95 1158 171 1196 tionem
185 1159 307 1209 acciperent3
324 1160 387 1199 satius
398 1159 476 1209 Taum,
492 1159 602 1198 Kunmsur
616 1158 762 1197 multitudinem
779 1172 839 1210 opimi

97 1230 122 1263 et
133 1225 206 1264 civium
217 1226 369 1275 intellexerunt3
381 1227 499 1279 proponitur
512 1228 564 1265 enim
576 1239 664 1266 summae
672 1227 774 1276 potentiae
785 1226 839 1266 illius

97 1298 117 1332 et
128 1294 241 1332 divitiarum
258 1300 278 1333 et
289 1295 375 1335 cuiusvis
387 1295 465 1347 generis
482 1309 542 1347 opum
558 1295 635 1346 image,
660 1308 711 1345 quae
726 1295 802 1345 ingenti
813 1296 839 1333 oi-

97 1361 151 1400 vium
160 1375 242 1400 numero
251 1363 272 1401 in
280 1364 367 1402 medium
374 1364 429 1402 illum
437 1364 503 1402 locum
512 1363 670 1402 conferebantur.
689 1361 729 1411 Qui
735 1363 840 1413 proprium

97 1442 177 1469 sensum
188 1430 273 1470 retinere
285 1432 374 1481 student,
390 1433 474 1483 repetita
485 1432 527 1470 iere
541 1431 676 1469 inundationis
687 1430 783 1469 memoria
794 1445 813 1470 v.
822 1435 840 1481 7,

97 1498 138 1537 vim
148 1498 222 1537 inferre
232 1500 299 1539 uerbis
311 1500 393 1548 debent,
409 1500 471 1538 ueluti
481 1500 619 1539 Kannunmus
630 1499 695 1550 legere
710 1499 781 1538 suadet
794 1510 841 1555 aaa

97 1577 142 1618 κη’),
151 1567 295 1617 reduplicatum
302 1567 386 1619 pluralis
394 1568 480 1607 formam
490 1568 524 1607 cfr.
534 1568 578 1606 Etr.
588 1567 603 1618 ξ.
610 1569 650 1615 213,
655 1580 673 1616 e,
685 1573 764 1606 secutus
769 1567 840 1605 LXX:

98 1624 129 1681 aig
143 1628 293 1690 κολυμβήθρα
308 1630 516 1684 taciturnitatem
532 1627 607 1688 αὐτῆς.
633 1634 701 1673 Lectio
717 1635 841 1674 Masoretlra-

96 1715 141 1739 rum
153 1705 271 1742 auctoritate
282 1706 413 1754 comprobata
426 1715 462 1757 nist
483 1715 541 1755 orgia,
554 1703 601 1742 licet
609 1702 683 1741 habeat
694 1702 794 1753 singulare
805 1703 842 1741 ali-

98 1769 156 1820 quid,
168 1770 227 1809 iacile
238 1777 304 1810 tamen
317 1772 428 1822 explicatur
440 1778 536 1824 tanquam
547 1771 629 1822 genitivi
642 1770 740 1821 quaedam
751 1771 842 1822 reliquia,

98 1838 134 1876 cfr.
151 1836 241 1878 Gusnrn
256 1839 354 1890 Lehrgeb.
371 1841 388 1891 ξ,
401 1841 465 1889 57,b,
481 1854 502 1891 p.
512 1842 556 1887 203,
575 1839 633 1890 quasi
649 1849 686 1877 sm
703 1843 756 1877 esset
770 1851 842 1878 nomen

97 1905 201 1956 proprium
206 1922 211 1955 ς
229 1908 264 1947 cfr.
276 1909 314 1947 les.
323 1908 405 1956 XVIII,
418 1911 438 1946 2:
459 1918 532 1958 amia
547 1919 595 1950 uit]
611 1917 640 1948 w
658 1906 775 1954 „horrenda
786 1919 842 1957 gens,

99 1987 126 2012 en
141 1986 181 2025 quo
192 1976 228 2015 illa
240 1981 289 2016 est.“
312 1976 398 2016 Sensum
412 1977 470 2015 huius
482 1982 542 2014 notae
553 1974 648 2025 temporis
660 1974 779 2024 perstrinxit
791 1974 843 2014 Gan-

98 2053 172 2090 vmus,
189 2057 234 2083 cum
248 2049 338 2083 moneret
353 2044 471 2097 antiquitate
487 2049 507 2082 et
522 2044 583 2082 robur
599 2048 619 2082 et
630 2043 768 2081 auctoritatem
780 2056 842 2094 regno

99 2109 201 2151 conciliari
209 2113 220 2151 ¹.

132 2180 161 2218 At
172 2186 238 2221 cessat
249 2181 337 2220 celeriter
349 2181 414 2232 gloria
425 2182 458 2221 vel
470 2186 525 2220 tanta
537 2184 636 2218 vetustate
647 2179 757 2218 sublevata.
786 2190 842 2223 aaut

98 2258 157 2300 Dion,
167 2255 185 2287 et
196 2250 240 2288 illua
246 2250 351 2299 sapientes,
365 2250 400 2288 cfr.
415 2250 454 2288 Ier.
463 2249 563 2297 XLVIII,
575 2250 608 2295 453
625 2247 660 2286 Ps,
677 2245 730 2294 CIV,
743 2249 764 2295 l,
778 2260 843 2300 atquae

98 2317 191 2356 nimirum
201 2318 259 2366 illae,
276 2323 298 2356 ut
313 2331 374 2368 supra
390 2317 478 2357 diffluxit
494 2317 597 2368 palatium.
616 2314 657 2354 cfr.
670 2314 722 2353 Hos.
734 2314 797 2362 XIII,
811 2317 842 2354 15:

99 2385 226 2434 „exsiccatur
238 2385 284 2425 fons
296 2386 348 2433 eius,
362 2386 427 2424 deficit
439 2386 504 2424 amnis
516 2386 571 2433 eius,
584 2382 659 2434 spoliat
669 2382 752 2434 (bostis)
765 2383 844 2421 thesau-

99 2467 153 2502 rum,
171 2453 237 2492 omnia
253 2466 302 2492 vasa
318 2453 433 2503 pretiosam
451 2454 520 2492 ierem.
533 2453 561 2501 L,
574 2454 602 2490 37.
615 2453 647 2488 38:
665 2450 768 2500 „gladium
784 2464 844 2502 super

99 2523 203 2561 thesauros
216 2534 285 2560 eorum
297 2527 316 2560 et
329 2521 458 2572 diripiuntur5
475 2521 554 2561 siccitas
571 2532 631 2569 super
648 2531 711 2569 aquas
729 2531 807 2567 eorum,
825 2524 845 2557 et
883 2562 885 2566 ,

819 2623 830 2637 ‘v

134 2653 151 2694 l]
163 2653 288 2685 Hortumunus
303 2662 339 2684 non
351 2653 461 2694 femininum,
477 2652 508 2685 sed
522 2651 618 2684 neutralem
630 2660 646 2681 v.
659 2661 696 2688 min
709 2649 767 2681 ualere
775 2650 845 2681 sensum

99 2711 189 2754 opinatur,
205 2714 256 2752 atque
272 2710 316 2742 adeo
327 2710 409 2742 idoneam
421 2710 544 2742 sententiarum
557 2709 641 2740 rationem
653 2706 704 2749 plane
717 2707 770 2739 tollit:
788 2707 844 2748 ,quie-

100 2768 141 2811 quid
153 2768 205 2801 modo
217 2768 239 2800 de
250 2768 350 2800 imminente
362 2766 435 2800 Ninives
452 2768 500 2800 clade
515 2768 614 2799 nunciatum
631 2770 657 2797 est
669 2775 762 2797 ..unou
779 2774 790 2796 a
805 2773 845 2796 eorr-

100 2825 137 2858 dita
148 2826 190 2858 urbe
202 2825 233 2859 scd
246 2835 257 2857 a
268 2825 325 2856 diruta
337 2825 477 2858 numerandumf‘
496 2825 552 2866 Aquis
561 2824 607 2857 enim
615 2832 650 2855 nou
658 2821 757 2855 felicitatem
771 2820 801 2853 sed
814 2821 845 2852 mi-

100 2884 162 2918 seriam
175 2884 247 2917 indicari
260 2883 352 2916 existimat.
