1889 3264
96 169 152 196 Lunx
320 157 483 194 Pnormoonunn.
502 153 550 193 oar.
563 155 599 191 111.

131 280 243 330 Sequuntur
254 280 332 330 aliquot
343 280 442 318 decenniis
454 277 560 317 interiectis
572 277 631 316 trium
643 269 675 315 nv.
689 278 720 314 dd.
734 276 836 327 opuscula,

98 348 131 399 qui
142 348 217 398 pressis
230 345 369 386 Sonmnnnsn
383 354 403 386 et
414 347 550 387 Santonorum
560 344 649 395 vestigiis
660 345 790 383 hebraearum
802 355 837 382 vo-

97 428 141 453 cum
153 414 308 470 significationes
320 416 345 453 ad
358 416 458 465 arabicam
470 427 559 453 normam
572 413 687 463 exigebant:

131 483 156 521 11.
165 482 181 520 Ι.
192 481 267 521 Gaura
279 483 349 522 vaticc.
359 482 412 522 Nah.
426 488 445 521 et
453 482 541 529 Habac3
553 480 735 530 interpretationem
748 484 767 515 et
779 483 837 516 notas

166 550 243 589 adiecit.
261 550 329 589 Editio
341 551 429 588 metrica.
447 550 558 588 Amstelod.
572 551 625 596 1703,
637 551 659 595 43

98 630 149 668 quae
161 631 221 668 quam
233 618 259 656 sit
271 618 375 655 arbitrario
384 623 403 655 et
411 617 536 667 singulariter·
544 617 643 664 instituta,
651 628 711 665 supra
720 613 838 664 perstrinxi-

97 697 148 723 mus.
161 684 244 723 Cautins
256 685 305 735 egit,
318 690 338 722 et
348 683 398 722 vitia
408 684 462 722 illins
469 684 553 722 rationis
562 683 626 733 magis
638 682 731 728 evitavit,
745 679 839 720 Sounou-

98 763 149 790 aaut
161 757 181 789 et
191 752 295 790 Punnavn
306 757 365 790 notas
377 750 453 789 addidit

132 820 170 857 Ev.
182 818 296 867 Krateia,
309 818 397 858 Nahumi
408 819 467 857 vatic.
480 818 600 869 philologiae
612 824 631 856 et
645 817 711 856 critice
722 817 835 867 expositum

167 892 192 924 ct.
212 886 330 925 Hardervici
343 889 397 934 1808,
409 890 425 924 4.

99 954 202 1004 Denique,
216 954 263 1004 quid
275 955 356 993 assidua
367 953 466 992 interdum
478 954 552 992 arabici
564 953 661 992 sermonis
673 953 795 1002 comparatio
805 965 839 990 va*

100 1021 150 1069 leat,
163 1022 184 1059 in
197 1021 319 1071 explicandis
330 1022 431 1059 nonnullis
442 1021 502 1071 primi
514 1021 585 1071 capitis
596 1020 645 1058 locis
657 1021 720 1071 probe
732 1020 819 1059 ostendit

134 1087 172 1126 Cu.
185 1088 211 1126 M.
224 1089 346 1127 annnarus
361 1089 384 1138 (t
394 1088 447 1138 1852)
464 1101 554 1126 curarum
571 1087 802 1137 exegetico-criticarum
819 1088 839 1125 in

125 1193 127 1195 ,
167 1154 282 1194 Nahummn
293 1157 412 1206 prophetam
424 1155 532 1206 specimen,
545 1154 652 1193 Rostockii
664 1157 713 1193 1806.

135 1223 200 1261 Porro
212 1223 388 1262 lucrdentissimnm
401 1223 443 1262 eius
454 1222 624 1273 interpretationis
636 1222 758 1272 exemplum,
775 1222 840 1273 qualis

102 1296 186 1329 exeunte
199 1304 214 1329 s.
227 1291 289 1329 XVII
304 1290 322 1308 ”⁰
335 1297 354 1329 et
369 1297 439 1330 nostro
454 1290 561 1341 incipiente
571 1289 648 1328 institui
664 1290 750 1338 solebat,
767 1290 841 1341 quippe

101 1371 152 1409 quae
160 1358 234 1397 omissa
241 1359 358 1408 prophetica
366 1358 503 1397 vaticiniorum
516 1358 582 1395 indole
597 1357 688 1407 poeticae
699 1358 798 1397 venustati
811 1358 840 1396 in-

101 1425 229 1476 vestigandae
238 1426 343 1476 plurimam
350 1427 406 1464 daret
412 1439 500 1476 operam,
510 1425 616 1475 einsigitur
622 1426 735 1475 exemplum
741 1426 841 1464 afferimus

137 1492 158 1531 O.
171 1493 204 1531 W.
215 1494 273 1532 Iusrr
284 1493 365 1532 Nahum
381 1507 419 1532 neu
430 1495 530 1531 fibersetzt
545 1493 586 1530 und
602 1493 705 1541 erlttutert,
720 1493 777 1543 Lips.
790 1496 840 1540 1820,

170 1563 202 1607 12,
215 1574 255 1611 quo
268 1561 329 1609 adde,
342 1562 396 1612 quod
407 1561 475 1611 paullo
488 1566 547 1598 antea
558 1559 638 1610 prodiit,

135 1627 162 1666 H.
174 1628 328 1667 llrunanuonrr
340 1628 421 1667 Nahum
433 1641 468 1667 aus
481 1628 525 1666 dem
533 1627 670 1666 Hebrtischen
682 1629 794 1676 iibersetzt,
807 1630 843 1666 mit

169 1696 259 1734 Vorrede
270 1697 310 1734 und
322 1697 478 1746 Anmerkungen
490 1708 530 1734 von
542 1694 643 1734 GURLITT.
664 1695 738 1735 Hamb.
750 1699 843 1743 1808.12;

104 1776 192 1803 necnon
204 1765 306 1803 versiones
319 1764 406 1803 vaticinii
419 1764 482 1806 editas
494 1776 506 1801 a
518 1762 614 1801 sarrano
625 1766 679 1811 noo,
692 1764 783 1802 Wanmo
793 1767 843 1812 1790,

103 1831 233 1871 Nammnruo
247 1834 296 1869 1808.

137 1900 188 1937 Turn
200 1913 248 1938 vero
260 1905 392 1950 posteaquam
405 1899 534 1950 gravissimas
550 1899 639 1949 priorum
655 1899 785 1950 interpretum
801 1912 844 1938 sen-

104 1966 176 2005 tentias
188 1967 268 2017 collegit
273 1967 368 2005 Reman.
381 1966 472 2017 (Scholia
479 1966 529 2004 inV.
534 1967 575 2017 T.),
589 1966 686 2017 ampliore
698 1967 790 2017 deinceps
801 1967 844 2005 luce

103 2034 192 2073 Nahumi
205 2047 284 2085 quoque
296 2034 397 2072 oraculum
410 2034 547 2073 collustratum
563 2040 593 2073 est
604 2034 736 2072 aniciana
747 2035 844 2082 versione,

104 2108 123 2139 et
136 2102 281 2140 commentariis
294 2101 343 2140 satis
354 2102 478 2151 pervulgatis
490 2101 540 2148 illis,
559 2092 609 2152 qnos
626 2102 650 2139 de
661 2102 704 2139 XII
715 2103 787 2152 proph.
797 2102 844 2140 min.

104 2169 209 2206 ediderunt
220 2168 302 2207 Hrrzro.
318 2171 362 2206 1838
371 2175 391 2207 et
400 2171 432 2215 52,
448 2168 630 2217 Hnssntuauoms,
639 2169 737 2217 Euentu,
747 2169 844 2208 Mnumm.

105 2224 336 2283 1840,Uimna1r.1841;
349 2235 481 2275 Seianianum
492 2241 552 2274 notae
564 2235 591 2285 (d.
601 2236 647 2274 heil.
658 2235 733 2275 Schrift
741 2237 771 2274 ed.
783 2236 807 2275 O.
817 2247 845 2274 on

105 2302 218 2350 Gaurana,
230 2303 270 2340 vol.
279 2303 304 2352 V,
315 2303 336 2353 a)
349 2316 393 2341 cum
405 2303 514 2350 ederentur,
527 2303 615 2341 maxima
627 2301 701 2341 dudum
711 2303 858 2345 commentarii,

105 2370 169 2408 nostri
181 2382 228 2419 pars
240 2370 295 2419 typis
307 2383 404 2419 expressa
417 2376 464 2407 erat.
482 2369 558 2407 Ultimo
566 2370 611 2408 loco
622 2371 804 2409 commemorandus
817 2376 847 2409 est

139 2438 165 2474 A.
178 2435 386 2485 ariomanitas,
406 2436 493 2475 Nabumi
510 2437 612 2475 oraculum
633 2451 659 2476 ex
680 2437 804 2488 praefatione
823 2439 847 2477 de

174 2511 268 2543 externae
279 2508 364 2554 poeseos
375 2505 396 2543 in
407 2504 535 2542 vernaculam
547 2506 691 2544 convertendae
699 2507 777 2545 ratione
785 2506 847 2545 versi-

172 2573 210 2612 bus
221 2572 339 2623 germanicis
355 2564 534 2624 tprororetetrorg
549 2578 568 2610 et
585 2567 683 2621 σχολίοις
698 2573 806 2614 illustravit
822 2581 846 2613 ct.

172 2640 226 2690 Lips.
239 2643 289 2678 1842.
302 2643 318 2678 8.

141 2707 197 2756 Quae
209 2709 351 2758 prophetarum
362 2706 457 2745 vaticinia
469 2707 558 2745 vertendi
570 2709 622 2747 ratio
637 2723 684 2747 num
699 2710 790 2749 videatur
804 2710 847 2748 ido-

106 2789 144 2815 nea
156 2789 208 2824 esse,
226 2788 267 2813 non
279 2776 422 2825 disceptamus3
440 2774 522 2814 adiectis
534 2776 696 2816 annotationibus
713 2776 802 2817 Nahumi
813 2790 847 2815 ex-

106 2844 187 2895 plicatio
199 2843 267 2883 multis
278 2843 328 2883 locis
340 2843 460 2893 arnplificata
472 2848 507 2880 est.
