1889 3264
328 781 462 827 carum
481 783 535 846 uu

264 882 300 925 ou
316 883 463 927 vmrcrmo
483 867 598 925 uiuitur.

196 1114 213 1163 ᾧ.
227 1116 243 1150 6.
261 1122 348 1156 BREVIS
360 1123 506 1157 ARGUMENTI
519 1123 668 1157 PROPOSITIO.

62 1210 170 1275 Quoniam
186 1230 341 1281 explicavimus,
363 1231 472 1270 cuiusmodi
487 1232 548 1270 fuerit
563 1244 629 1269 rerum
645 1231 770 1269 Iudaicarum
787 1236 806 1269 et

61 1298 192 1348 Assyriorum
205 1298 303 1347 conditio,
316 1299 342 1337 ad
354 1312 414 1350 quam
426 1299 478 1337 votis
489 1299 576 1349 pertinet
588 1299 665 1346 oratio,
677 1298 747 1348 paucis
765 1298 806 1336 iam

61 1371 199 1415 argumentum
211 1366 253 1405 eius
264 1366 342 1404 videtur
353 1366 526 1416 perstringendum
539 1379 588 1405 esse.
605 1366 630 1404 Id
642 1366 697 1416 quod
714 1366 773 1404 facile
784 1366 805 1407 in

27 1440 28 1443 ’
61 1439 102 1471 tres
115 1433 231 1471 describitur
243 1440 322 1483 partes,
335 1434 414 1472 easdem
425 1434 483 1482 illas,
496 1447 546 1484 quas
559 1434 647 1484 capitum
659 1433 758 1472 divisione
769 1446 805 1471 no-

61 1506 114 1538 tatas
131 1513 144 1538 a
159 1500 250 1551 patribus
267 1501 388 1551 accepimus3
409 1513 460 1551 quae
475 1501 504 1540 ita
518 1501 570 1540 iuter
588 1514 610 1540 se
628 1501 763 1549 eontinentur,
785 1506 806 1538 ut

62 1567 127 1617 primo
144 1568 209 1618 eapite
224 1569 328 1607 uniuersae
345 1568 413 1607 iudicii
428 1569 453 1607 de
464 1568 519 1607 Nino
532 1569 655 1620 exsequendi
666 1572 807 1619 proponantur

62 1636 159 1683 rationes,
178 1635 240 1673 altero
253 1642 318 1674 auteur
329 1636 393 1686 ipsius
405 1637 514 1675 eversionis
524 1636 635 1674 ‘delineetur
651 1636 729 1686 imago,
746 1636 805 1674 tertio

63 1702 147 1754 denique
156 1715 238 1742 caussae
247 1703 320 1742 excidii
329 1709 348 1742 et
354 1703 450 1742 certitudo
460 1709 480 1742 et
488 1703 604 1754 magnitudo
613 1704 743 1753 explicentur.

96 1771 128 1808 Ac
142 1770 228 1820 primum
245 1771 335 1822 quidem⁷
356 1770 451 1822 quoniam
468 1783 526 1809 omne
540 1771 683 1821 prophetarum
704 1782 807 1809 sacrorum

63 1850 134 1876 munus
149 1838 170 1875 iu
187 1838 231 1888 lege
245 1843 336 1877 versatur
353 1838 473 1888 explicanda
491 1844 552 1889 atque
567 1838 696 1885 inculcanda,
716 1831 774 1876 vates
795 1851 807 1875 a

64 1917 141 1944 summa
151 1905 213 1956 legis,
230 1905 272 1943 zelo
285 1905 368 1944 Domini
379 1910 399 1942 et
411 1905 490 1955 energia
496 1906 508 1953 1,
525 1906 627 1955 profectus
644 1916 664 1943 v.
674 1909 695 1953 2,
708 1908 747 1953 δα,
764 1905 807 1942 uni-

63 1985 142 2011 versam
153 1972 221 2010 iudicii
233 1972 295 2011 divini
306 1978 408 2021 naturam,
425 1977 445 2010 et
461 1973 509 2023 quid
524 1973 549 2010 ab
567 1985 590 2010 eo
607 1972 697 2011 homines
710 1978 730 2010 et
740 1985 807 2010 rerum

63 2045 136 2078 natura
158 2041 238 2078 omnino
261 2041 373 2090 patiantur,
403 2037 559 2079 luculentissima
581 2040 667 2090 imagine
690 2039 809 2090 perstringit

65 2121 82 2145 v.
93 2108 120 2145 ab
128 2111 169 2153 -o;
182 2113 234 2156 tum,
247 2108 295 2159 quid
307 2108 353 2145 inde
364 2113 443 2146 maneat
454 2108 510 2158 regni
522 2108 585 2145 divini
597 2107 663 2155 eires,
679 2107 728 2158 quid
739 2108 807 2145 hostes

64 2175 117 2222 eius,
134 2174 214 2213 uberius
227 2176 284 2213 docet
296 2189 314 2213 u.
325 2178 336 2212 7
343 2178 396 2213 -11:
413 2174 512 2213 Dominus
524 2174 586 2222 enirn,
603 2175 638 2225 qui
652 2175 758 2225 zelotypus
770 2180 806 2222 est,

64 2242 116 2279 idem
133 2242 198 2280 bouus
214 2249 253 2290 est,
270 2248 331 2292 atque
348 2242 398 2280 adeo
410 2242 496 2281 ludaeos
512 2248 532 2280 et
547 2242 660 2293 quicunque
676 2254 732 2280 suam
747 2241 768 2279 in
784 2254 808 2280 eo

64 2308 156 2347 fiduciam
169 2309 266 2347 collocare
278 2310 352 2356 valent,
369 2322 404 2347 eos
416 2311 441 2347 ab
454 2310 608 2360 oppressoribus
624 2308 722 2354 vindicat3
737 2309 807 2347 hostes

65 2382 131 2414 autern
143 2389 211 2415 ornnes
223 2377 349 2428 maximeque
360 2376 468 2426 Assyrios,
486 2376 576 2415 funditus
589 2376 665 2414 evertit.
684 2375 756 2426 Itaque
768 2381 808 2414 sta-

67 2449 130 2481 tutum
145 2444 177 2482 dei
192 2444 296 2483 consilium
312 2444 337 2482 de
352 2443 503 2493 exstinguendis
520 2443 610 2494 Assyriis
630 2448 650 2481 et
664 2443 740 2482 Israele
760 2442 810 2499 libe-

67 2511 129 2549 rauda
140 2512 196 2549 brevi
209 2512 306 2550 sententia
318 2511 430 2549 declaratur
442 2525 461 2549 v.
473 2514 548 2548 12-14.

100 2577 142 2615 Vix
155 2584 219 2616 autem
233 2579 334 2617 enuntiato
345 2578 429 2616 Dorniui
440 2578 508 2625 iussu,
521 2578 626 2616 confestim
638 2577 739 2615 tremenda
751 2576 811 2614 simul
840 2591 842 2593 ·

68 2651 87 2683 et
101 2644 195 2683 laetanda
211 2646 287 2695 species
304 2646 370 2684 animo
387 2645 429 2683 eius
446 2650 506 2695 atque
521 2645 584 2683 oculis
601 2644 689 2683 offertur.
714 2643 811 2682 Exercitu

63 2713 119 2751 enim
130 2712 232 2762 praeclaro
245 2726 258 2751 a
266 2713 355 2751 Domino
368 2714 393 2751 ad
404 2712 544 2750 vindicandam
555 2712 637 2751 Israelis
647 2711 764 2761 dignitatem
776 2724 811 2749 ex-

68 2781 128 2818 citato
140 2780 216 2834 capqll,
226 2793 244 2818 v.
254 2782 311 2826 1-5,
329 2779 405 2819 Ninum
422 2781 533 2830 expugnari
549 2779 646 2829 primum,
663 2779 733 2817 deinde
748 2778 812 2816 homi-

103 2933 121 2973 r>
133 2931 167 2964 eo.
179 2931 235 2964 uxor.
247 2931 293 2971 xx,
306 2931 322 2963 5.
340 2930 392 2962 ueut.
404 2930 424 2971 v,
436 2931 452 2962 e.
483 2952 486 2955 .
