1889 3264
129 400 162 439 Sto
173 402 255 450 loquitar
267 400 373 444 Dominus:
389 399 433 435 lieet
443 398 512 446 intepri
526 402 544 434 et
555 398 584 434 tta
595 398 649 434 ortatu
664 397 711 442 atat,
727 399 755 434 tto
767 408 840 447 qaoque

95 471 204 515 toactuatar,
217 475 234 506 et
246 469 341 506 euanescit
352 488 377 493 —
389 471 406 503 et
418 465 461 503 ticet
472 465 573 514 assiteerim
585 471 611 510 te,
622 476 660 502 aon
672 465 758 514 afflipum
770 471 787 503 te
799 478 840 503 attt-

93 538 149 587 plias.
177 536 264 575 illustris
276 534 406 584 interpretum
418 532 510 572 dissensu
521 545 601 580 versus,
618 544 641 570 eo
659 532 757 581 maxime,
774 538 840 571 utrum

96 605 121 643 ad
133 605 218 642 Iudaeos
231 616 257 640 an
269 602 295 640 ad
307 601 404 651 Assyrios
416 600 448 640 rel
460 606 565 652 utrumque
577 601 698 649 membrum,
712 601 744 639 vel
756 600 840 639 alterum

95 673 159 712 solum
171 670 295 710 referendum
307 669 339 708 sit.
369 667 425 718 Nos,
442 669 513 720 quide
525 668 620 708 stabilitis
635 681 674 708 usu
686 668 793 707 verborum
804 682 841 707 no-

95 740 183 778 tionibus
201 738 313 785 eliciamus,
330 737 447 776 videbimus.
478 736 572 777 Sollenne
587 736 667 776 vatibus
684 736 763 775 dicendi
778 749 841 788 genus

95 807 115 846 'n
124 817 165 845 uon
174 817 214 853 nn,
230 805 276 843 lieet
288 804 366 853 omnia,
380 818 431 856 quae
442 805 569 856 praedicant,
582 804 676 844 instincta
688 804 782 844 divinitus
794 804 840 853 sint,

97 879 162 911 tamen
177 872 214 921 iis,
236 886 287 924 quae
305 878 423 924 sequuntur,
445 872 575 923 praecipuum
589 872 668 922 pondus
684 879 704 911 et
721 872 841 923 gravitatem

96 941 161 988 addit,
180 940 279 992 simulque
290 940 368 980 animos
379 946 432 979 metu
448 940 551 990 perculsos
567 940 593 978 ad
608 953 664 990 spem
680 940 751 979 salutis
762 941 841 979 fortiter

96 1008 253 1059 amplectendam
265 1008 334 1048 divina
346 1008 421 1047 excitat
432 1009 557 1048 auctoritate.
581 1004 655 1049 nboin
667 1002 719 1047 coni.
728 1008 770 1047 Kal
782 1022 841 1048 unam

95 1077 156 1115 habet
166 1082 296 1127 potestatem:
312 1076 411 1128 integrum
424 1089 478 1125 esse,
491 1090 527 1115 neo
538 1090 594 1117 secus
606 1076 646 1115 adi.
658 1072 704 1137 0¹)th
716 1090 765 1127 'eum
777 1083 841 1121 notat,

96 1144 127 1183 oui
144 1144 194 1182 nihil
210 1145 275 1193 deest,
290 1145 400 1196 integrum
421 1145 456 1183 eir.
473 1145 565 1195 exempla
580 1145 689 1196 probantia
705 1144 769 1184 multa
786 1146 841 1196 apud

97 1210 233 1251 Goussnrmn
249 1225 270 1263 p,
284 1214 328 1250 1645
341 1225 367 1251 ss.
402 1213 493 1251 Afferunt
511 1213 591 1264 quidem
608 1211 803 1253 onsna'Hanuwb.
821 1220 842 1252 et

96 1280 271 1319 illuriaHandwb.
277 1280 379 1318 notionem
388 1280 473 1331 paoifiei,
484 1281 602 1331 praesertim
612 1281 645 1319 ubi
653 1281 732 1331 legatur·
740 1281 802 1320 'mnu
809 1280 839 1332 bu,

96 1348 117 1385 in
129 1360 178 1398 paee
190 1362 233 1387 eum
246 1348 283 1386 deo
295 1348 371 1395 vivere3
389 1353 410 1386 at
421 1348 499 1386 monuit
510 1348 550 1387 iam
562 1349 653 1388 Kumrus
664 1349 690 1386 ad
703 1349 772 1399 IReg.
781 1348 839 1396 VIII,

96 1419 117 1462 (ἐς
135 1416 176 1463 XI,
188 1420 210 1464 43
227 1416 274 1464 XV,
287 1418 304 1454 3.
316 1419 328 1453 4
344 1416 455 1466 siguificare
466 1416 534 1466 potius
550 1417 638 1455 animum
654 1417 693 1455 soli
704 1416 792 1455 Domino
806 1416 839 1454 sle-
885 1436 889 1441 <

96 1483 170 1532 ditum,
187 1496 223 1522 neo
238 1483 289 1521 inter
305 1484 393 1523 seculum
405 1484 502 1535 deumque
517 1497 645 1535 suspensum;
661 1484 755 1536 idemque
770 1496 840 1523 sensus

95 1551 237 1602 praeferendus
249 1556 291 1599 est,
304 1552 338 1589 ubi
350 1552 406 1590 deest
417 1552 496 1603 quidem
508 1552 582 1600 ΤιἬν,
595 1552 630 1590 sed
642 1565 653 1590 e
665 1565 719 1590 nexu
730 1551 840 1591 sententia-

96 1632 141 1657 rum
155 1619 238 1657 Domini
254 1619 349 1669 cogitatio
365 1627 449 1670 apparet
465 1632 508 1659 esse
524 1620 645 1670 supplenda:
666 1620 736 1670 2Reg.
746 1620 799 1668 XX,
816 1623 838 1666 33

97 1686 183 1726 lParal.
193 1687 295 1736 XXVIII,
309 1690 330 1734 ὓς
346 1680 359 1724 '2
368 1687 435 1726 Paral.
445 1687 507 1736 XVI,
520 1691 529 1725 9
546 1687 602 1738 (XV,
615 1691 636 1725 17
652 1700 706 1726 mere
722 1673 764 1727 est:
784 1687 840 1725 ineo·

96 1755 176 1807 lumis),
192 1754 228 1793 efr.
240 1755 279 1793 Ies.
288 1755 414 1803 XXXVIII,
427 1757 447 1792 3:
467 1755 513 1803 „fao
525 1755 669 1804 reminiscaris,
682 1769 714 1794 me
726 1755 840 1794 ambulasse

97 1823 118 1860 in
131 1828 238 1873 conspeetu
249 1827 283 1860 tuo
295 1823 316 1860 in
328 1823 413 1861 ueritate
429 1828 449 1860 et
466 1836 509 1861 oum
527 1823 593 1861 animo
609 1823 717 1875 irrtegro;“
735 1836 772 1862 nee
787 1836 841 1862 eom-

97 1890 193 1929 mutanda
205 1890 323 1941 significatio
336 1895 366 1929 est
378 1889 428 1929 Gen.
438 1891 538 1939 XXXIV,
551 1894 584 1929 21:
609 1896 701 1939 „suntne
712 1891 751 1930 viri
762 1891 792 1929 illi
804 1905 840 1929 no-

97 1958 174 1997 biseum
185 1963 228 1996 toto
241 1971 266 1996 ex
278 1958 375 1997 animo?“
402 1957 510 2009 Integritas
527 1964 593 1996 auteur
605 1958 677 1997 dieitur
692 1972 732 1997 non
744 1959 769 1997 de
780 1960 841 1997 mori-

97 2027 144 2071 bus,
158 2025 193 2065 sed
205 2025 229 2064 cle
240 2039 333 2075 numero,
346 2026 375 2064 uti
387 2032 443 2076 patet
454 2039 480 2064 ex
489 2026 617 2077 sequentibus
631 2036 679 2066 mu
690 2035 727 2077 ’,π
745 2025 782 2067 Sin
793 2027 842 2066 haee

98 2094 153 2131 verbi
165 2094 220 2131 notio
233 2099 273 2142 est,
291 2094 361 2132 referri
377 2094 431 2132 nullo
448 2094 507 2132 modo
523 2095 549 2133 ad
560 2094 646 2133 Iudaeos
658 2099 735 2144 potem
753 2095 782 2133 uti
797 2108 842 2145 per·

97 2174 165 2211 peram
178 2161 237 2199 vertit
248 2161 331 2200 Iunius:
352 2161 384 2210 „si
399 2175 470 2212 pacem
485 2162 596 2201 voluissent
607 2161 717 2213 (meeum),
735 2163 765 2201 ita
782 2163 842 2201 etiam

97 2228 155 2267 multi
166 2228 263 2276 fuissent,
276 2235 311 2267 aut
322 2229 407 2268 fuissent
417 2230 447 2268 ita
458 2230 521 2278 tonsi,
534 2235 556 2268 ut
565 2229 692 2268 transivisset
698 2228 815 2281 (Assyrius)
820 2232 840 2268 !“

97 2297 139 2345 vel,
152 2302 174 2335 ut
185 2297 308 2335 tolerabilius
321 2296 439 2335 Krmnsrzr:
457 2298 489 2346 „si
501 2298 578 2337 sineere
589 2310 621 2335 me
633 2296 751 2345 coluissent,
764 2298 809 2336 ideo
823 2303 842 2336 et

98 2369 190 2415 potentes
204 2364 306 2404 fuissent“
318 2370 354 2403 eto.
378 2364 450 2416 Neque
461 2379 509 2404 vero
526 2379 570 2404 oum
581 2365 679 2403 nummo
694 2365 724 2403 ita
734 2366 843 2405 referemus

98 2433 124 2471 ad
136 2433 234 2484 Assyrios
245 2434 316 2472 verba:
334 2433 367 2482 „si
377 2434 445 2484 pacati
457 2439 513 2482 sunt,
525 2446 575 2485 paee
587 2433 628 2472 alta
640 2437 700 2484 atque
711 2433 758 2472 hino
770 2435 843 2472 fluente

97 2501 231 2551 prosperitate
247 2501 302 2540 omni
316 2502 422 2541 fruentes“
435 2508 483 2550 eto,
500 2502 521 2540 id
538 2502 592 2553 quod
608 2515 621 2540 a
635 2514 684 2539 vera
695 2502 751 2540 vous
762 2502 844 2541 notione

98 2568 205 2606 abhorrere
217 2568 321 2608 vidimus¹.
351 2570 454 2620 Expedita
469 2570 565 2608 enuntiati
580 2569 632 2608 ratio
645 2575 684 2608 est:
705 2569 752 2608 lieet
770 2570 844 2621 integri

98 2636 138 2674 sint
150 2637 241 2686 Assyrii,
258 2643 277 2675 et
288 2638 317 2676 ita
329 2638 396 2686 multi,
410 2644 446 2676 ete.
476 2647 540 2688 1351:
553 2652 565 2676 a
577 2639 687 2676 Fnannnro
700 2643 753 2676 reete
770 2639 798 2677 sie
810 2639 843 2677 ‹le-

133 2800 150 2840 t)
162 2800 257 2832 Fuluumus
270 2800 280 2831 l.
290 2801 301 2832 l>
314 2812 330 2842 p
339 2802 361 2847 30
370 2811 390 2834 ss,
405 2803 467 2835 collato
480 2793 530 2858 palm,
547 2804 602 2845 speeie
614 2804 689 2845 qaudam
702 2804 767 2837 arboris
780 2804 843 2837 aculeis

98 2857 170 2898 insigni,
182 2857 273 2899 imaginem
287 2858 374 2899 spinarum
388 2870 397 2891 e
410 2869 460 2892 rursu
474 2862 520 2892 mmo
532 2844 623 2902 rebetitam
637 2861 730 2893 existimat.
