1889 3264
106 143 138 190 46
387 148 435 186 Cur.
445 147 476 195 Π,
489 161 507 186 v,
519 150 569 185 1-5.

107 278 184 311 tanturn
201 284 241 310 non
257 271 385 322 desperantes
401 273 486 313 Iudaeos
504 271 558 310 iubet
575 270 631 309 Deus
648 272 725 311 animos
742 273 850 324 oculosque

108 340 199 378 attollere
211 340 237 378 ad
249 352 322 377 novum
334 345 394 390 atque
405 341 540 392 inopinatum,
553 338 653 390 quodDei
662 340 788 389 providentia
800 341 849 379 obii-

107 413 195 456 ceretur,
212 407 370 458 spectaculum.“
396 410 511 448 illaesurus.
545 406 628 445 Pondus
645 412 710 446 autem
727 409 810 446 voculae
827 421 849 447 eo

108 475 172 514 ruaius
186 482 226 523 est,
239 476 293 526 quod
305 482 386 515 resonat
396 478 417 515 in
429 478 465 525 iis,
478 489 529 528 quae
541 480 659 525 sequuntur,
675 474 804 515 laetissimum
816 489 851 514 va-

108 543 199 581 ticinium
207 544 249 582 les.
258 543 307 590 Lll,
320 546 330 580 7
336 573 341 591 ,
357 544 385 582 uti
403 545 456 582 infra
468 544 590 590 videbimus3
607 542 661 582 euius
678 544 794 581 conficiendi
810 544 850 581 iam

106 611 182 650 instare
193 611 271 649 initium
283 612 410 661 significatur.
434 607 546 659 arran-tu,
560 611 581 648 in
593 611 693 650 montibus
706 624 747 649 non
758 611 802 649 ideo
815 624 850 661 ap-

107 692 178 729 parere
194 679 285 717 dicuntur
301 680 376 727 nuntii,
394 680 448 732 quod
464 691 505 717 vox
521 678 567 716 inde
584 678 643 730 longe
661 679 740 731 lateque
760 679 851 717 exaudiri

108 753 177 797 potest
185 746 270 798 (Dans)
282 769 306 774 -
318 760 358 785 non
369 761 411 786 rex
423 747 476 786 enirn
488 746 522 785 sed
534 746 595 796 pedes
607 752 738 785 notantur-
750 747 785 786 sed
797 747 852 798 quod

108 814 178 853 defixis
190 814 345 852 desiderantium
357 816 420 855 oculis
436 816 457 854 in
473 813 570 852 montium
586 814 639 864 iugis
654 815 696 853 fere
708 815 851 866 (quaeritantur,

107 883 175 934 ibique
187 883 317 921 adventantes
329 884 416 933 primum
429 884 539 922 offeruntur
550 883 671 933 conspectui.
691 883 795 922 Articulus
806 883 852 921 lieet

108 950 189 988 omnino
201 955 279 988 tantum
290 962 353 1001 genus
365 952 463 990 montium
475 950 578 1001 significet,
592 950 626 989 cfr.
636 950 680 989 Ew.
693 951 774 1001 §299a,
787 951 852 1001 possit

108 1024 175 1057 tamen
188 1018 247 1056 etiam
259 1023 336 1057 montes
348 1019 493 1069 Hierosolyma
508 1018 609 1068 cingentes
621 1018 654 1057 rel
664 1019 759 1057 Iudaeam
775 1020 800 1057 ab
813 1019 852 1057 As-

107 1086 163 1136 syria
175 1091 291 1135 separantes
302 1086 409 1137 indigitare
418 1087 494 1138 (Hira,
507 1085 587 1137 Iliun.)
597 1098 641 1124 eum
653 1088 678 1124 ab
691 1100 715 1124 ea
726 1086 852 1137 potissimum

107 1159 165 1204 parte
178 1153 275 1192 eiusmodi
286 1155 367 1193 nuntius
379 1158 534 1206 exspectaretur.
555 1153 639 1192 Pedes
651 1160 796 1204 nuncupantur,
809 1159 853 1192 tan-

109 1234 169 1272 quam
184 1222 336 1260 instrumentum
352 1223 453 1269 currendi,
470 1228 489 1260 et
504 1221 552 1271 qma
566 1221 679 1259 festinando
691 1222 787 1261 victoriae
803 1234 853 1259 nun-

108 1289 149 1328 tius
166 1289 292 1339 cognoscitur
304 1290 378 1342 (Era),
396 1292 431 1329 elr.
445 1290 501 1329 Cant.
511 1289 542 1337 Π,
555 1292 575 1336 8;
592 1290 662 1327 Actor.
673 1289 698 1337 V,
711 1293 728 1328 9.
758 1299 818 1329 necari
834 1289 853 1327 is

109 1361 150 1404 est,
172 1356 207 1406 qni
225 1356 279 1395 laeta
293 1358 384 1406 nunciat,
406 1372 451 1396 nam
468 1358 515 1396 licet
529 1356 636 1395 Krnefflus
657 1371 732 1396 meram
748 1357 853 1396 nuntiandi

109 1429 229 1474 potestatem
242 1425 344 1473 defendat,
360 1426 380 1464 'a
391 1436 440 1476 unp*
451 1437 478 1467 uu
488 1436 512 1469 rs
524 1421 602 1467 aratu
613 1435 698 1467 matun
707 1435 775 1473 nubo,
788 1430 853 1463 tamen

109 1492 172 1530 semel
182 1493 320 1531 tantummodo
332 1494 353 1531 in
365 1493 428 1531 literis
437 1492 499 1532 saeris
512 1493 536 1530 de
544 1492 598 1529 malo
609 1491 683 1541 legitur
692 1491 761 1529 nuntio
772 1493 852 1540 dietum,

111 1563 120 1597 1
130 1558 184 1598 Sam.
193 1559 230 1607 IV,
243 1562 271 1607 17,
283 1560 305 1598 id
317 1561 371 1611 qnod
387 1560 501 1611 „singulare
514 1564 554 1606 est,
574 1568 593 1596 et
603 1564 671 1609 potest
683 1558 794 1598 existimari
805 1560 853 1598 abu-

110 1627 204 1674 sivnm;“
222 1627 257 1665 eir.
270 1627 344 1667 asam.
354 1628 436 1675 XVIII,
450 1630 482 1675 193
500 1627 539 1665 Ies.
550 1625 599 1673 XL,
612 1630 633 1673 93
651 1626 709 1675 XLI,
722 1630 755 1674 273
771 1627 819 1675 LII,
832 1630 853 1674 73

109 1695 160 1741 LX,
173 1698 192 1741 6;
208 1694 269 1732 LXX
285 1687 469 1748 εὖαγγελίζοντος.
497 1693 607 1743 „Notabile
623 1699 663 1742 est,
680 1695 733 1745 quod
745 1695 784 1733 ista
795 1695 855 1733 radin

111 1775 150 1800 nen
163 1762 262 1812 signifieat
274 1763 383 1813 quamlibet
391 1762 556 1813 publicationem,
569 1774 609 1799 non
620 1762 650 1800 rei
657 1762 746 1810 futurae,
758 1775 799 1800 non
808 1775 854 1812 pro-

110 1829 223 1877 missionis,
236 1830 271 1868 sed
280 1831 308 1869 rei
318 1830 422 1870 existentis
431 1829 531 1880 praesenti
540 1835 640 1880 tempore,
653 1842 744 1880 quaeque
752 1835 856 1880 praeterea

111 1898 138 1937 sit
153 1898 228 1936 factum
244 1898 336 1949 aliquod,
353 1903 387 1937 ant
402 1898 484 1949 aliquod
500 1898 574 1936 factum
589 1897 699 1935 ineludat.“
724 1895 854 1936 Goussurrns

111 1979 131 2016 p.
141 1968 181 2002 279.
206 1965 265 2013 Quod
278 1966 381 2005 eolleetiro
391 1978 450 2005 sensu
461 1966 596 2015 intelligamus
605 1965 705 2013 nuntium,
717 1965 747 2002 uti
756 1965 856 2004 nonnullis

111 2032 198 2083 placuit,
216 2045 287 2072 caussa
299 2034 354 2072 nulla
366 2040 405 2082 est,
422 2033 528 2071 dummodo
541 2039 654 2079 teneamus,
670 2032 756 2083 speeiem
768 2032 856 2084 aliquam

111 2106 173 2151 atque
184 2100 291 2152 imaginem
303 2102 389 2153 spectari
405 2101 524 2151 cuiuspiam,
542 2101 586 2151 qui,
603 2101 672 2138 audita
682 2099 731 2138 Nini
747 2101 855 2147 eversione,

112 2168 137 2206 de
154 2168 263 2206 laetissimo
284 2176 355 2208 eventu
370 2170 456 2208 ludaeos
475 2169 558 2207 reddere
572 2169 667 2208 certiores
685 2169 775 2216 iestmet3
796 2182 857 2220 quare

113 2249 149 2274 nee
162 2237 186 2273 de
198 2236 294 2275 eiusmodi
313 2238 440 2288 cogitandum
457 2236 531 2276 nunriis
543 2243 584 2284 est,
602 2236 685 2287 „quales
702 2236 791 2274 emittere
806 2236 857 2274 sole-

113 2304 162 2341 bant
173 2304 243 2342 iudaei
254 2306 280 2342 ad
292 2306 406 2344 neomenias
419 2305 498 2356 aliaque
508 2305 561 2343 festa
573 2304 717 2355 designanda.“
738 2302 856 2353 (Kaulrsn,

113 2372 205 2422 blanca.)
228 2371 292 2420 Quale
304 2379 370 2411 autem
387 2374 424 2422 sit,
441 2373 496 2423 quod
511 2372 570 2410 affert
584 2372 675 2419 nuntius,
692 2371 802 2410 distinctius
817 2372 858 2409 iam

113 2439 217 2477 declarant
227 2452 260 2478 nv.
272 2437 327 2480 orbiu
342 2451 425 2489 uisura,
442 2440 477 2491 qui
489 2440 558 2478 audire
571 2440 619 2477 facit
631 2452 710 2489 pacem;
726 2451 795 2489 paoem
807 2439 859 2478 eninr

112 2507 195 2557 signifat
209 2508 244 2559 bu,
265 2521 305 2546 non
322 2508 417 2556 salutem,
438 2508 485 2546 lieet
502 2520 552 2558 paee
568 2512 587 2545 et
604 2507 708 2545 securitate
724 2508 749 2545 ab
766 2507 858 2554 inimicis,

113 2575 173 2626 quale
184 2576 321 2616 Israelitarum
340 2582 382 2615 erat
397 2576 510 2627 ingenium,
528 2575 592 2614 omnis
609 2574 703 2626 cogitatio
720 2575 791 2614 salutis
806 2588 859 2614 com-

113 2750 193 2783 doetrina
204 2753 247 2784 satis
258 2754 313 2785 multa
325 2753 395 2795 quidem
406 2756 497 2795 congesta,
510 2752 540 2785 sed
552 2751 598 2784 haud
606 2752 659 2795 probe
671 2752 754 2795 dIsposita
762 2755 797 2791 est3
809 2759 859 2782 omne

113 2808 182 2849 insuper
200 2809 300 2851 opusculum
315 2810 412 2853 theologico
430 2811 487 2853 potius
504 2811 551 2850 usui,
569 2819 619 2853 quam
636 2810 697 2843 doetae
712 2808 859 2851 interpretationis

115 2865 179 2898 rationi
191 2867 337 2901 accommodatum
350 2872 381 2901 est.
