1889 3264
442 356 461 381 v.
474 344 491 379 3.

130 448 186 496 Quae
198 447 256 486 tande
288 445 339 484 tanti
354 455 412 482 casus
428 454 500 481 caussa
511 442 553 480 est?
570 464 594 470 -
618 442 671 480 Nam
682 446 783 481 reuertitur
795 443 838 482 Do-

95 517 156 553 rulaus
167 516 194 553 ad
205 460 339 566 ueeusnlcrrobt
350 518 442 560 tanquam
454 511 508 548 clerus
517 509 596 548 Israelis
599 523 608 554 ‚·
621 511 710 559 qaoar'ara
722 519 839 550 evacuarunt

96 595 126 620 eos
138 588 257 627 evacuantes,
273 568 294 618 etx
298 580 387 629 palmites
399 589 462 616 eorum
474 584 603 627 corruperant.
620 576 678 614 Haec
692 578 764 626 verba,
781 579 838 628 gravi

95 650 224 699 interpretum
236 648 305 686 labore
316 646 413 696 insignia,
430 644 491 684 tantis
506 645 602 695 impedita
618 643 768 684 difficultatibus
784 646 838 684 vide-

96 717 179 764 bantur,
195 721 217 753 ut
229 728 260 753 ex.
273 727 302 764 gr.
315 713 453 751 Kannunurns
470 713 495 750 de
510 712 575 751 salute
585 724 657 752 versus
672 710 752 750 omnino
770 712 838 763 despe-

97 788 156 821 raret.
175 782 314 832 „Quocunque
325 781 410 829 modo,“
422 780 497 832 inquit,
510 785 633 830 exponatur,
649 792 713 818 nexus
725 792 770 818 cum
781 793 839 830 prae-

97 849 210 888 cedentibus
222 855 242 887 et
254 849 381 900 sequentibus
393 848 459 887 nullus
470 848 531 897 plane
543 852 582 895 est,
595 859 695 894 acnemo,
708 848 762 898 quod
770 849 838 895 sciam,

97 917 135 954 fuit
146 915 285 965 interpretum,
298 916 333 966 qni
345 928 389 953 eum
400 914 532 965 probabiliter
543 913 671 964 expediret;“
683 914 767 953 evellere
778 915 839 965 igitur

97 984 177 1022 dumeta
191 983 304 1031 constituit,
319 987 427 1033 praeeunte
441 981 593 1030 Scrraoanuno,
614 988 634 1019 et
648 982 755 1032 genuinum
769 995 839 1022 versus

97 1051 162 1088 locum
173 1055 221 1100 post
231 1051 251 1098 l,
265 1053 286 1088 13
298 1062 342 1088 esse
353 1050 463 1097 contendit3
481 1063 527 1088 nam
538 1049 591 1087 inter
605 1049 740 1087 defensionem
752 1048 802 1089 Nini
820 1055 840 1088 et

98 1118 267 1169 oppugnationem
286 1118 383 1156 eiusmodi
402 1118 519 1157 sententiam
538 1116 598 1167 plane
617 1116 763 1156 intolerabilem
789 1130 838 1157 esse.

97 1184 163 1225 Nobis
176 1186 276 1235 explicare
287 1186 371 1233 nodum,
384 1199 444 1236 quam
456 1198 503 1224 ense
514 1184 609 1235 expedire
627 1184 689 1223 satius
701 1185 789 1232 videtum
808 1199 838 1232 ac,

97 1253 157 1291 modo
162 1253 267 1291 verborum
270 1257 422 1303 potestatesusu
432 1253 558 1291 confirmatas
567 1264 680 1304 sequamur,
693 1257 712 1290 et
721 1252 839 1291 sententiam

98 1326 117 1358 et
129 1320 218 1359 ordinem
230 1334 270 1358 non
281 1326 350 1371 aptum
362 1320 437 1368 solum,
450 1333 519 1359 verum
528 1320 629 1371 egregium
638 1332 681 1358 esse
690 1332 855 1380 cognoscemus!

132 1387 198 1437 Caput
212 1387 335 1439 quaestionis
350 1388 438 1437 positum
454 1388 520 1427 estin
530 1388 592 1426 verbo
608 1398 650 1434 πως
667 1387 722 1427 cuius
737 1388 839 1426 notionem

98 1455 220 1505 primitivam
229 1468 273 1494 esse
280 1454 393 1503 recedendi,
402 1461 472 1493 notum
479 1460 515 1494 est.
529 1456 558 1493 At
567 1467 636 1493 omnes
645 1455 671 1493 ad
678 1454 767 1494 nostram
776 1469 839 1507 usque

97 1522 214 1561 memoriam
227 1523 345 1573 interpretes
360 1535 404 1562 esse
420 1523 518 1574 quaedam
533 1523 611 1561 dicendi
627 1534 701 1573 genera
717 1530 839 1571 asseverant,

98 1591 170 1641 quibus
185 1604 225 1629 non
239 1590 376 1638 intransitiva,
393 1591 428 1629 sed
443 1590 549 1630 transitiva
563 1596 653 1641 potestas
668 1597 713 1629 rata
727 1591 763 1639 sit,
778 1592 840 1642 idque

98 1658 185 1696 maxime
195 1658 217 1696 in
228 1658 356 1696 celeberrima
366 1659 454 1696 formula
464 1658 508 1696 illa:
521 1668 578 1701 nram
588 1669 637 1705 aaut,
650 1663 780 1705 „convertere
792 1672 838 1709 oap-

99 1725 217 1763 tivitatem.“
235 1724 302 1764 Sensit
313 1726 393 1776 quidem
401 1726 599 1772 llmnnunonrrrus,
612 1725 629 1763 si
639 1725 669 1764 ita
678 1730 739 1774 esset,
752 1726 840 1776 flagitari

98 1793 183 1831 formam
195 1792 275 1843 Hiphil;
287 1792 414 1832 nihilominus
426 1794 447 1831 in
459 1806 526 1831 errore
538 1792 611 1831 tradito
624 1780 764 1842 perseveravit.
780 1794 840 1832 Hunc

98 1866 164 1899 autem
176 1873 266 1908 sensum,
284 1873 347 1912 aeque
363 1874 387 1899 ac
398 1866 504 1911 cognatum
518 1860 575 1898 illum
590 1860 717 1909 restituendi,
733 1861 839 1900 reducendi

99 1934 134 1976 ot,
147 1934 221 1967 temere
231 1928 309 1966 illatum
320 1930 381 1967 verbo
390 1941 444 1976 esse,
457 1928 565 1967 luculenter
582 1928 726 1967 demonstravit
733 1928 839 1968 Hnnosrs.

53 1997 62 2041 J
98 1995 160 2034 Beitr.
169 1996 196 2034 Π.
206 2008 226 2046 p.
234 1999 267 2034 104
275 2008 314 2044 ss,
327 1996 443 2046 praesertim
453 2009 464 2033 c
472 1996 551 2034 ratione
557 1994 611 2033 illius
620 1996 660 2033 loci
669 1995 728 2034 Deut.
737 1995 811 2045 XXX,
821 1999 839 2044 3,

99 2063 134 2114 qui
148 2063 271 2115 reliquorum
286 2064 344 2114 quasi
360 2064 509 2102 fundamentum
528 2068 563 2102 est.
586 2061 623 2102 Cui
638 2063 748 2103 novissime
767 2065 841 2104 obiecit

99 2129 278 2170 Sonuorrnnnnus
292 2144 362 2171 comm.
377 2132 397 2170 in
413 2120 498 2171 10me
514 2130 583 2179 XLII,
597 2133 628 2168 10:
647 2132 666 2183 l)
683 2143 710 2171 nn
725 2145 766 2170 non
780 2145 841 2183 posse

99 2197 227 2236 directionem
238 2199 278 2237 loci
286 2199 318 2237 vel
326 2199 355 2237 rei
363 2199 460 2247 indicare3
470 2200 582 2237 conferatur
592 2202 657 2236 autem
666 2201 677 2235 ‘t
687 2197 741 2238 Sam.
750 2199 797 2247 XV,
807 2201 839 2238 23:
884 2239 886 2242 ,

100 2274 210 2306 naaman*
218 2276 256 2315 'qur
267 2261 337 2306 mabit
346 2275 421 2314 nirata
433 2267 453 2318 2)
463 2266 579 2317 impeditam
591 2278 634 2304 esse
651 2266 748 2305 eiusmodi
763 2267 840 2306 dicendi

99 2332 207 2381 rationem,
217 2346 257 2384 qua
272 2332 354 2371 directio
370 2339 450 2372 notetur
464 2334 485 2372 in
498 2333 638 2384 cogitationem
649 2333 801 2383 abstractivanr,
818 2340 840 2373 at

100 2399 169 2450 quidni
178 2400 292 2451 expeditum
300 2400 400 2449 videatur,
413 2401 447 2440 ubi
459 2414 498 2440 uon
505 2414 580 2440 meram
590 2400 739 2451 cogitationem,
753 2402 788 2441 sed
799 2408 839 2441 sta-

101 2472 142 2506 tum
153 2468 274 2518 captivitatis
285 2468 395 2520 intelligere
407 2469 513 2508 debemus?
525 2492 549 2497 -
562 2468 607 2518 Quo
618 2468 640 2507 in
652 2480 724 2520 genere
732 2483 777 2508 cum
786 2484 840 2509 erra-

100 2540 145 2573 rent
155 2536 283 2586 interpretes,
300 2537 433 2588 qno'lougius
448 2539 473 2576 ab
488 2538 560 2577 idoneo
572 2537 629 2576 verbi
645 2549 705 2576 sensu
720 2539 839 2585 recederent,

101 2615 124 2640 eo
136 2604 200 2654 magis
210 2604 323 2643 intricatam
334 2617 403 2644 versus
411 2606 565 2656 explicationem
575 2604 737 2655 implicaverunt;
750 2606 841 2651 diversae

100 2671 156 2709 verbi
165 2671 277 2711 notationes
285 2673 339 2723 apud
347 2673 556 2724 Ponunreperiuntur
564 2673 664 2712 collectae.
673 2672 774 2713 Vertimus
782 2686 840 2725 ergo:

101 2739 154 2776 aare
169 2741 303 2778 revertitur·
320 2740 414 2780 Dorulaus
430 2743 456 2779 ed
472 2743 526 2780 cleeris
538 2742 605 2779 Iacchi
616 2747 638 2779 ct.
658 2740 702 2779 Iam
717 2755 764 2780 vero
780 2755 840 2793 quae·

101 2806 183 2845 rendum
196 2813 236 2855 est,
257 2808 305 2858 quid
318 2808 344 2846 sit
357 2818 417 2857 :spru
432 2820 480 2861 psa.
509 2819 551 2859 psa
569 2824 586 2848 a.
599 2823 618 2847 v.
638 2821 686 2861 nst,
706 2823 749 2849 sese
764 2810 840 2858 efferre,

101 2875 226 2926 magnificum
236 2889 289 2924 esse,
300 2875 398 2925 signifieat
407 2876 479 2926 clerus,
489 2878 614 2929 superbiam,
625 2890 665 2916 non
672 2890 729 2917 secus
738 2892 761 2917 ac
773 2888 840 2918 aaran
