1889 3264
372 129 420 169 Cur.
430 129 471 178 ΙΙΙ,
483 141 503 168 v.
515 133 541 168 14.
779 126 826 173 115

80 259 150 297 taref‘
161 254 200 304 Qui
209 255 235 294 ad
245 255 395 294 sustentandam
407 254 526 294 sententiam
538 267 595 293 snam
603 254 746 305 Xenophontis
758 253 829 294 laudat

81 325 152 372 rerba,
172 318 291 363 πλίνθινον
305 320 378 372 τεῖχος
392 323 494 361 ruinarum
508 322 658 373 Mespilensium
671 335 829 362 commemoran-

81 390 263 438 tisnnat.111,r,
274 393 307 439 11,
319 390 341 428 in
353 392 425 441 quibus
436 391 571 429 testimoninm
586 391 653 430 inesse
666 397 722 430 retus
734 404 758 429 ac
766 404 828 442 grave

82 461 106 499 ad
119 459 218 498 firmanda
228 460 339 508 prophetae
355 460 416 497 rerba
432 465 539 497 asseverat.
557 460 626 509 Atque
643 459 682 497 hoc
697 459 777 509 quidem
792 472 828 497 no-

82 529 135 567 mine
147 538 268 577 magnopere
280 540 313 564 vv.
326 525 359 564 dd.
372 526 502 574 assentimur3
519 532 632 564 accuratam
647 527 713 565 autem
724 526 764 564 loci
776 527 828 565 noti-

82 596 141 644 tiam,
159 607 210 646 quae
222 594 319 644 Assyriae
328 594 415 632 incolam
425 594 486 642 oleat,
500 595 550 632 adeo
558 607 641 645 arguere
651 594 764 646 nequimus,
777 607 827 645 quo-

83 664 137 702 niam
152 663 248 701 lateribus
263 662 337 700 alicubi
352 663 412 701 etiam
429 661 547 700 aedificandi
562 675 606 701 mos
617 662 737 701 invenitur¹.
755 661 829 714 Neque

83 732 136 770 enim
154 729 194 769 nisi
213 730 238 767 de
254 729 376 779 simplicibus
396 730 492 768 lateribus
512 730 635 769 fabricandis
656 729 746 768 Nahumi
766 732 829 769 verba

84 803 154 849 agnum
171 798 207 836 vix
219 797 279 847 igitur
290 797 329 835 huc
340 797 411 836 referri
421 802 525 847 poterunt,
543 810 593 848 quae
605 797 709 836 Rrorrrus²
720 798 745 835 de
761 797 829 848 siugu-

83 865 122 904 lari
136 866 223 916 quadam
234 865 323 916 lapidum
335 865 400 915 specie
412 865 504 913 tradidit,
521 878 573 916 quae
589 865 610 903 in
621 865 755 904 monumentis
767 865 829 904 inter-

84 934 131 972 dum
142 934 278 984 reperiuntur,
291 938 311 971 et
321 933 420 986 hodieque
431 933 516 973 Mossuli
527 939 671 985 praeparentur
682 938 743 985 atque
754 933 829 972 usiten-

84 1009 122 1041 tur.
140 1002 211 1041 Refert
223 1002 275 1041 euim
286 1014 354 1041 muros
365 1002 419 1041 haud
430 1014 477 1041 raro
489 1002 572 1053 reperiri
588 1002 681 1050 „formed
697 1002 721 1040 of
734 1003 768 1040 the
781 1002 829 1040 ruh-

84 1070 130 1109 bish
146 1070 169 1108 ot
182 1071 216 1109 the
231 1076 322 1121 country,
338 1071 385 1108 well
401 1070 490 1109 rammed
507 1071 566 1109 doun
581 1071 631 1109 with
647 1084 660 1109 a
670 1070 728 1109 wash
745 1070 767 1108 of
782 1069 830 1109 lime

83 1139 160 1189 poured
172 1151 227 1189 upon
237 1138 265 1187 it,
281 1139 347 1177 which
361 1139 382 1177 in
394 1152 406 1177 a
418 1140 474 1178 short
485 1139 533 1177 time
545 1138 613 1178 would
626 1145 707 1177 convert
718 1139 752 1176 the
763 1138 830 1177 whole

84 1207 126 1244 into
139 1219 151 1244 a
163 1206 216 1245 solid
227 1219 288 1245 mass.
313 1208 343 1245 At
357 1207 390 1245 the
401 1212 481 1257 present
493 1208 533 1257 day
545 1208 578 1244 the
589 1207 667 1245 natives
679 1206 722 1244 mix
738 1206 829 1256 pebbles,

83 1274 131 1312 lime
142 1274 181 1312 aud
193 1274 229 1313 red
241 1275 298 1313 earth
309 1286 332 1312 or
344 1275 389 1326 clay
401 1276 501 1326 together,
515 1275 555 1312 and
567 1274 618 1313 after
628 1286 729 1325 exposure
737 1279 758 1312 to
767 1280 831 1313 water

83 1342 133 1392 they
144 1342 226 1380 become
236 1343 278 1380 lilre
289 1343 322 1380 the
334 1343 386 1381 solid
397 1343 469 1381 rock.“
494 1342 538 1391 Quo
550 1343 571 1380 in
584 1355 656 1392 genere
671 1342 756 1392 primum
770 1342 832 1380 statui

84 1423 125 1448 nou
138 1410 186 1449 satis
198 1415 276 1460 potest,
292 1419 359 1448 utrum
370 1410 460 1448 Rrourus
472 1411 534 1448 verbo
548 1410 622 1458 „lime“
639 1409 713 1448 calcem
729 1423 755 1448 au
766 1410 831 1448 lutum

84 1477 196 1525 notaverit3
213 1482 256 1515 tum
271 1491 319 1516 vero
337 1478 386 1517 haee
401 1478 486 1516 materia
503 1478 638 1516 conformatur
654 1477 749 1516 abhibitis
765 1477 830 1527 aquis,

84 1544 190 1584 Nahumus
200 1552 266 1584 autem
277 1545 347 1584 laudat
357 1546 465 1584 fornacem.
485 1545 551 1593 Quare
563 1546 656 1584 subtilem
668 1545 708 1583 loci
720 1550 739 1583 et
747 1550 832 1583 naturae

86 1612 221 1662 cognitionem
232 1613 286 1652 hisce
297 1614 408 1664 prophetae
419 1612 485 1652 verbis
497 1613 625 1663 comprobari
632 1626 674 1651 non
682 1612 820 1651 existimamus
824 1627 830 1660 3

85 1680 146 1730 longe
158 1681 210 1718 enim
222 1680 263 1718 alia
274 1686 327 1719 esset
338 1681 439 1732 quaestio,
457 1680 474 1719 si
489 1680 542 1719 forte
556 1681 634 1732 lapides
653 1680 706 1719 caesi
722 1693 766 1719 cum
784 1693 831 1718 con-

86 1748 128 1787 chis
148 1754 167 1787 et
185 1749 300 1799 petrelactis
321 1748 471 1788 commemorati
490 1755 567 1798 essent,
587 1749 623 1801 qui
637 1748 677 1787 nisi
692 1748 714 1786 in
729 1748 832 1789 montibus

85 1815 141 1855 Nino
153 1816 224 1856 ricinis
235 1817 413 1870 nonureperiuntur
419 1816 432 1856 ³.

119 1884 158 1924 His
173 1885 234 1936 igitur
251 1886 317 1925 verbis
333 1886 408 1924 ironice
423 1886 568 1937 compellantur
578 1885 671 1936 Assyrii,
688 1890 711 1923 ut
727 1884 832 1924 obsidione

86 1953 202 2003 propediem
213 1953 311 2002 instante,
322 1954 413 1992 reficiant
424 1954 514 2003 moenia,
535 1960 595 2005 atque
607 1953 656 1991 adeo
668 1952 765 1991 lateribus
778 1965 832 1991 com-

85 2021 182 2071 parandis
195 2034 276 2072 operam
289 2022 345 2070 deut;
358 2022 410 2061 male
421 2022 483 2073 igitur
495 2021 599 2061 eronus:
619 2021 698 2072 „captis
714 2020 755 2060 iam
767 2021 833 2072 portis

87 2089 187 2139 aliquibus
198 2090 265 2139 recipe
276 2095 296 2128 te
307 2091 360 2129 intra
371 2103 425 2129 nova
436 2090 558 2129 munimenta
570 2104 580 2128 e
591 2090 665 2137 latere,
678 2089 764 2128 ascende
772 2102 832 2140 super

85 2156 132 2204 illa,
149 2162 169 2195 et
183 2157 212 2195 ibi
227 2157 310 2196 defende
325 2164 422 2209 quantum
436 2161 509 2208 potes“
526 2182 551 2186 -
567 2171 604 2196 nec
620 2157 690 2195 melius
702 2156 834 2196 mtnsmus

86 2225 136 2262 haec
147 2224 173 2262 ad
184 2225 300 2264 reficiendos
312 2238 380 2266 muros
392 2226 523 2264 inundatione
534 2226 569 2265 illa
581 2226 610 2276 (I,
623 2226 644 2276 8)
659 2225 771 2274 patefactos
783 2225 834 2264 refe-

86 2292 148 2330 renda
160 2292 253 2343 opinatus
265 2300 301 2333 est.
358 2322 364 2335 .

122 2477 139 2518 1)
151 2478 186 2511 Cir.
203 2479 272 2512 Wrrunr
285 2479 330 2512 RW.
343 2489 357 2512 s.
369 2490 385 2527 y.
397 2480 462 2523 Ziegel.
480 2480 587 2514 Hurusrrna.
604 2480 632 2513 die
646 2479 714 2514 Btieher
729 2479 784 2513 Mosis
799 2479 836 2512 und

87 2535 132 2578 Aeg.
145 2546 161 2578 p.
172 2536 210 2568 HS.

123 2593 139 2633 2)
151 2592 244 2626 Narratire
255 2593 283 2634 II,
296 2593 324 2627 65.
337 2594 367 2627 cfr.
379 2593 449 2627 Rrrrrnr
460 2594 556 2627 Erdkunde
568 2594 605 2636 XI,
617 2605 634 2637 p.
642 2593 681 2626 229.
690 2594 729 2627 244.
744 2593 787 2627 Bor.
796 2604 812 2637 p.
820 2593 836 2626 5.

122 2648 139 2689 3)
153 2649 187 2683 Cfr.
200 2650 263 2683 Rrrrrn
275 2650 286 2683 l.
294 2651 306 2683 l.
318 2662 335 2693 p.
344 2652 382 2685 175.
411 2651 465 2685 Tuon.
477 2652 489 2683 l.
497 2652 509 2685 l.
523 2663 538 2694 p.
546 2651 575 2683 42.
