1889 3264
117 179 166 205 nxrr
341 167 503 204 Puonnoonarn.
522 164 569 204 Car.
583 166 619 203 III.

118 292 175 329 nibus
192 295 210 328 et
223 289 297 327 divitiis
309 291 401 328 evacuari
413 291 509 342 conspicit
524 304 542 329 v.
555 293 586 327 t-
595 292 627 336 il,
644 295 703 340 atque
716 290 765 327 adeo
781 290 856 339 magui-

117 357 262 398 licentissimanr
276 359 343 397 urbem
356 359 476 398 destructam
487 359 550 397 iacere
563 363 623 409 atque
635 357 744 395 desolatam
756 371 775 395 r.
786 360 855 395 12-14.

117 428 184 476 Atque
195 426 216 464 in
228 438 251 463 ea
263 427 328 476 specie
340 427 469 465 describenda
485 427 513 465 ita
524 432 625 473 uersatur,
641 430 673 472 ut,
691 426 856 474 quemadmodum

117 494 176 543 primi
187 493 258 544 capitis
269 494 326 532 initio
339 495 364 532 ad
375 496 450 533 fontem
461 495 528 533 iudicii
545 501 564 532 et
579 494 728 531 fundamentum
744 494 811 530 onmia
826 506 856 530 re-

118 561 209 609 vocarit,
222 562 250 599 ita
261 563 320 600 finem
332 562 363 600 hic
375 564 514 612 praestitutum
526 563 634 612 praefigat,
647 574 699 611 quo,
713 573 763 610 quae
773 573 857 609 sequan-

117 635 156 677 tur,
169 629 209 668 sint
220 630 333 668 reseranda:
351 629 432 668 Israelis
448 630 499 667 enim
514 630 629 667 liberandae
641 641 712 667 caussa
723 634 779 666 tanta
791 628 857 666 clades

117 697 213 747 infligitur
229 697 329 746 Assyriis,
347 697 382 747 qui
397 698 472 735 frustra
486 697 622 747 refragantur,
640 710 683 735 eum
699 696 742 745 ipse
758 695 857 734 Dominus

119 765 193 803 seelera
205 776 252 813 erga
263 770 341 813 gentem
353 777 409 802 suam
421 764 527 803 commissa-
539 764 565 802 sit
576 764 660 803 ulturus.

152 831 204 868 Tum
213 844 271 879 vern,
285 832 355 870 defixis
367 832 388 870 in
397 838 483 870 atrocem
493 831 598 882 imaginem
607 831 680 881 ingenii
690 831 763 877 oculis,
776 843 857 869 caussas

118 898 203 948 primum
219 899 286 945 affert,
306 901 358 937 unde
376 900 475 938 excidium
492 900 546 938 urbis
561 900 688 949 repetendum
708 900 743 945 sit,
764 912 805 948 cap.
820 898 857 943 lll,

118 980 137 1004 r.
149 970 193 1004 1-7,
210 966 264 1005 Fieri
276 968 327 1004 enim
339 968 417 1018 nequit,
430 968 478 1019 quin
490 974 554 1006 truces
567 967 633 1005 sicarii
645 968 762 1013 caedantur,
774 980 793 1004 v.
806 968 856 1012 1-3,

118 1035 213 1071 meretrix
225 1040 300 1082 autem,
314 1047 365 1085 quae
376 1035 490 1085 praestigiis
503 1035 543 1074 suis
555 1040 623 1085 gentes
635 1035 732 1084 perdidit,
750 1034 858 1083 ignominia

118 1107 138 1138 et
149 1107 201 1140 tetra
212 1101 344 1140 denudatione
350 1102 516 1151 puniatnrvA-i.
526 1103 557 1140 Ac
566 1116 591 1140 ne
600 1103 644 1152 quis
657 1102 790 1140 concludendo
803 1101 857 1139 illam

119 1168 194 1206 cladem
207 1169 277 1207 coniici
293 1175 312 1207 et
327 1175 368 1208 tam
380 1176 480 1220 potentem
492 1175 569 1220 gentem
581 1170 634 1207 haud
645 1171 674 1207 ita
689 1170 748 1207 facile
763 1169 858 1207 debellari

119 1237 221 1286 opinetur,
237 1237 352 1275 Thebarum
367 1239 459 1288 exemplo
475 1237 579 1288 proposito
595 1251 613 1275 r.
624 1240 693 1285 8-10,
710 1236 806 1283 ostendit,
822 1237 858 1274 ho-

119 1305 255 1342 munculorum
271 1305 371 1354 praesidia
388 1312 407 1343 et
424 1305 560 1344 fortitudinem
575 1305 662 1343 Domino
683 1306 801 1343 adversante
821 1317 858 1354 pro

118 1371 179 1409 nihilo
192 1384 236 1411 esse
246 1385 266 1410 v.
276 1375 351 1410 11-13.
367 1373 421 1421 imo,
439 1379 513 1424 quanto
530 1361 620 1422 potentia
631 1373 661 1410 illi
677 1379 696 1411 et
709 1372 780 1422 opibus
793 1378 812 1410 et
823 1386 858 1409 uu·-

118 1452 173 1476 nrero
186 1439 290 1477 videantur
301 1440 388 1490 pollere,
404 1446 460 1479 tanto
475 1441 620 1479 immensiorem
633 1445 728 1490 tantoque
741 1440 858 1478 atrociorem

119 1507 162 1545 fore
174 1507 249 1545 cladem
265 1507 361 1557 praedicit
375 1522 394 1546 r.
405 1512 481 1555 14-17,
498 1509 527 1546 ita
543 1513 565 1546 ut
578 1508 603 1545 ob
616 1508 686 1558 ingens
698 1508 801 1557 imperium
814 1507 858 1545 fun-

118 1574 171 1612 ditus
183 1575 268 1612 deletum
279 1575 392 1613 uniuersum
404 1577 511 1614 humanum
523 1588 585 1626 genus
597 1576 684 1614 exsultet
697 1582 757 1625 atque
769 1576 858 1621 laetetur,

118 1655 137 1679 v.
152 1643 178 1679 IS.
192 1645 219 1680 19.
888 1694 891 1698 Γ

165 1708 221 1757 Quare
236 1722 279 1747 cum
294 1710 323 1748 ita
341 1710 389 1758 sint,
404 1724 463 1748 uriam
479 1723 562 1760 eamque
578 1710 676 1761 integram
693 1710 804 1748 orationem
816 1715 859 1747 toto

118 1776 170 1813 libro
183 1777 321 1826 comprehendi
334 1778 474 1827 intelligimus,
487 1778 653 1827 quemadmodum
666 1778 756 1828 praefixa
767 1778 788 1815 in
800 1777 858 1815 titulo

119 1845 179 1882 verba
192 1844 276 1882 dilucide
287 1851 372 1883 monent.
390 1844 462 1895 Neque
473 1857 520 1882 vero
529 1845 618 1883 Eritium
630 1845 731 1895 sequenda
742 1844 793 1882 ratio
805 1844 860 1882 ride-

118 1916 157 1959 tur,
171 1912 204 1962 qui
216 1912 245 1950 ita
256 1917 395 1961 argumentum
408 1913 521 1960 distribuit,
534 1918 556 1950 ut
568 1919 612 1951 octo
624 1912 729 1963 particulis
738 1912 810 1962 quinos
819 1912 860 1950 fere

118 1991 189 2017 versus
200 1979 346 2018 continentibus
361 1980 477 2018 vaticinium
494 1980 572 2018 absolvi
589 1980 688 2019 existimet
696 1995 701 2026 3
723 1992 759 2017 nec
774 1980 859 2029 prinmm

118 2045 200 2084 alterius
212 2046 283 2096 capitis
296 2047 418 2085 enuntiatum
429 2048 494 2097 primo
507 2048 568 2097 capiti
580 2048 689 2086 addendum
703 2057 816 2095 censemus,
829 2048 858 2085 uti

119 2126 130 2150 e
141 2114 241 2152 veteribus
253 2126 293 2151 non
305 2115 374 2163 paucis
385 2115 469 2164 placuit3
486 2115 558 2153 idonea
574 2116 626 2152 enim
638 2114 779 2154 sententiarum
791 2114 859 2164 dispo-

118 2180 174 2228 sitio,
188 2193 248 2231 quam
258 2181 388 2231 proposuisse
399 2182 457 2220 nobis
469 2183 568 2231 mdemur,
582 2184 669 2222 externis
679 2183 737 2221 etiam
747 2183 800 2220 notis
811 2195 858 2219 conu

117 2248 217 2296 firmatur,
237 2261 247 2286 e
263 2249 334 2298 quibus
350 2256 430 2298 praeter
446 2249 566 2288 simillimam
582 2250 632 2288 ccl
648 2257 667 2289 et
684 2250 705 2288 ll
723 2249 858 2287 oeconomiam

117 2314 144 2363 (5.
156 2317 173 2353 5.
186 2318 207 2362 33
220 2318 237 2353 5.
250 2319 266 2353 ὓ.
279 2317 307 2367 3.)
322 2329 383 2354 unum
394 2317 444 2356 illud
456 2317 556 2356 afferimus
573 2329 611 2360 “rw
625 2328 668 2358 itit*
683 2313 709 2357 tsi
721 2317 732 2353 Ι
736 2346 741 2363 ‚
755 2320 787 2363 14,
806 2317 859 2365 quod

117 2388 199 2420 resonat
210 2383 251 2420 fere
263 2382 284 2421 in
295 2397 328 2421 vv.
340 2395 378 2427 ‘tw
392 2394 449 2424 uram*
465 2381 491 2426 asi
505 2385 536 2431 ll,
550 2388 577 2423 14.

315 2551 332 2600 ξ.
344 2553 361 2588 7.
378 2559 411 2591 DE
423 2559 515 2593 INDOLE
528 2561 654 2594 VATICINH.

119 2682 121 2684 .
151 2648 210 2696 Quod
223 2650 240 2687 si
251 2649 330 2688 Iudaeis
342 2650 480 2689 liberationem
492 2654 517 2690 ab
529 2653 620 2702 Assyriis
632 2654 729 2702 futuram,
746 2654 777 2692 his
793 2658 858 2691 autem

116 2715 217 2754 interitum
228 2729 292 2766 prope
302 2718 410 2757 instantem
422 2718 507 2758 vidimus
519 2720 616 2769 nuntiari,
629 2723 743 2771 praeclarae
754 2721 794 2759 iam
807 2721 858 2759 rati-

117 2784 213 2821 ciniorum
229 2784 253 2821 ab
270 2784 315 2823 aliis
332 2794 391 2824 antea
407 2786 504 2825 editorum
517 2800 602 2827 coronae
614 2789 712 2827 cumulum
724 2788 784 2827 adiici
796 2801 858 2838 appa-

116 2856 152 2887 ret.
173 2851 211 2889 Est
222 2851 273 2889 enim
286 2864 387 2891 corumune
403 2854 452 2891 illud
464 2861 543 2904 ratum,
560 2857 593 2907 qui
610 2870 646 2907 per
657 2856 775 2907 Assyriam,
797 2868 857 2906 quam
