1889 3264
354 150 404 190 ΟΑΡ.
412 150 449 189 ΙΠ.
463 164 481 189 v.
491 153 508 188 3.
778 147 807 192 91

62 281 146 329 foetens,
159 283 178 315 et
184 279 264 327 florento
272 275 341 325 οἰοιοῖ,
354 275 443 324 etfithor
454 276 520 313 bastae
531 298 556 303 —
569 281 587 312 et
594 275 692 312 arznttttado
705 275 809 312 trucidato-

67 359 114 393 rant,
130 351 152 384 'et
163 358 231 395 mopna
244 346 299 394 copto
306 344 409 392 finierant,¹
426 356 460 381 nee
471 345 516 393 finis
532 350 559 381 est
574 343 696 388 ccnlocertaa,
713 343 812 391 offendent

67 418 87 453 ia
99 414 221 452 cadaueribus
233 424 302 450 eorum.
314 433 338 438 —
353 409 411 451 obito
430 423 481 451 tora.
506 411 576 449 Mirari
594 410 658 458 subit,
680 411 728 462 quid
743 411 811 482 fuerit,

27 472 28 475 Ἴ
68 483 122 534 quod
133 482 154 520 in
166 488 207 520 tam
223 479 308 530 simplici
324 478 402 516 dicendi
418 491 489 529 genere
506 484 610 528 tantopere
624 477 736 516 laborarint
751 478 812 517 inter-

67 557 143 600 pretes:
155 549 249 587 facillime
260 559 302 586 vox
313 546 342 584 ita
353 546 455 584 redditur:
472 559 526 596 eques
538 547 638 584 ascendere
646 546 721 594 faciens
727 560 736 591 ,·
753 559 811 597 quern

68 618 129 656 faciat
140 616 257 663 ascendere,
270 613 379 666 quaeritari
391 614 426 652 diu
437 616 517 666 nequit:
530 627 602 665 equum
611 613 715 662 nimirum,
728 626 773 652 cum
781 614 812 652 in-

68 686 127 725 sistat
138 684 260 730 calcaribus,
277 683 394 732 praesertim
410 683 437 721 ad
453 683 549 733 impetum
565 682 587 720 in
603 682 672 720 hostes
687 682 811 730 faciendum3

68 753 129 803 idque
139 751 206 791 nescio
218 751 319 801 quomodo
331 763 421 801 pugnare
433 763 477 789 cum
488 764 551 789 nenuv
560 750 703 789 sententiarum
715 750 811 788 videatur.

68 821 140 868 Recte,
152 825 175 857 ut
186 818 244 857 nobis
256 818 345 867 ridetur,
361 819 400 856 hoc
411 818 453 856 fere
465 819 525 856 modo
537 817 662 868 interpretati
674 824 720 856 suut
733 809 818 857 Gasani

67 889 129 935 thes,
146 887 226 935 Iliun,
247 884 357 934 Hennam,
378 887 505 937 quantumvis
522 899 545 924 eo
561 885 674 935 peccaverit
688 886 812 934 illinamus,

70 956 123 1006 quod
144 968 218 1006 equern·
234 966 272 1004 pro
293 967 344 1005 equo
366 954 440 992 dietum
456 954 601 993 existimaverit
616 953 647 1003 (id
664 954 718 1004 quod
734 953 812 992 admitti

69 1022 124 1061 nullo
136 1005 269 1073 monbposse
280 1022 374 1071 probavit
385 1021 511 1061 Dntrrzscrr.
524 1023 550 1060 ad
562 1021 615 1059 Hab.
627 1034 647 1071 p.
659 1022 699 1073 13),
713 1026 732 1060 et
744 1035 812 1060 ascen-

71 1091 117 1128 dere
127 1103 165 1140 pro
177 1091 240 1129 altum
251 1090 322 1128 facere.
340 1090 383 1128 lam
395 1102 443 1128 vero
456 1104 466 1129 e
477 1090 620 1140 multiplicibus
629 1089 759 1140 interpretum
769 1103 813 1129 sen-

70 1158 146 1206 tentiis,
164 1172 208 1196 eum
220 1158 270 1198 satis
281 1171 355 1209 magna
366 1158 394 1195 rei
406 1171 447 1196 non
460 1158 486 1197 sit
498 1159 597 1208 gravitas,
613 1157 720 1197 nonnullas
736 1163 813 1196 tantum

69 1226 222 1266 recensebimus.
241 1227 261 1277 l)
272 1226 401 1265 intransitive
414 1239 474 1266 sensu
484 1227 541 1265 vocis
552 1226 655 1264 notionem
672 1232 814 1276 expresserunt

69 1293 129 1331 LXX
141 1287 230 1341 ἱππέως
245 1286 410 1345 ἀναβαίνοντος,
420 1294 480 1345 Vulg.
489 1293 570 1342 Urina,
579 1293 653 1342 Hnn,
663 1306 724 1333 sensu
732 1293 814 1332 omnino

70 1362 150 1412 quidem
161 1367 276 1412 perspecto,
292 1363 382 1414 neglecta
397 1370 464 1401 tamen
479 1362 536 1401 verbi
550 1362 623 1400 forma.
647 1360 702 1399 Nam
714 1366 766 1411 part.
778 1361 813 1401 Hi.

69 1433 136 1479 potest
148 1429 228 1479 quidem
240 1431 295 1468 abire
306 1431 327 1468 in
338 1436 459 1481 potestatem
469 1430 484 1468 f.
494 1429 547 1478 Kal,
560 1430 620 1468 modo
632 1430 713 1467 omnino
725 1443 769 1468 earn
777 1431 814 1467 ha-

70 1497 116 1535 beat
127 1497 141 1535 f.
154 1497 237 1547 Hiphfl;
249 1504 270 1536 at
281 1512 329 1538 vero
348 1497 406 1540 tiam
424 1499 499 1550 ubique
510 1497 615 1536 transitive
626 1497 723 1536 usitatum
734 1498 814 1548 legitur,

70 1578 132 1616 quare
144 1565 209 1604 solum
220 1572 284 1615 part,
297 1566 335 1605 nisi
346 1573 429 1616 urgente
440 1566 569 1613 necessitate,
582 1566 607 1604 ab
619 1566 658 1604 bae
668 1565 738 1615 regula
748 1566 814 1616 excipi

70 1632 144 1682 nequit.
164 1633 248 1672 Frustra
263 1634 284 1671 in
300 1635 338 1672 hoc
355 1647 430 1689 genere
440 1633 501 1681 Hrtz.
518 1635 604 1672 advocat
619 1633 689 1671 Ierem.
701 1633 783 1682 XLVI,
795 1638 813 1682 4,

70 1700 105 1738 ubi
116 1713 170 1739 mere
181 1701 265 1740 habetur
276 1713 357 1741 proriam
377 1699 420 1751 ibn,
438 1702 538 1741 ascendite
554 1702 631 1752 equites
648 1701 677 1751 (in
695 1702 776 1753 equos)!
796 1708 816 1740 et

70 1768 129 1806 Mich.
136 1768 173 1817 III,
183 1771 194 1805 7
206 1770 240 1807 ubi
248 1783 288 1808 non
297 1771 381 1821 legimus
389 1777 442 1822 part.
455 1770 491 1809 sed
499 1775 545 1809 stat.
554 1775 628 1808 constr.
642 1780 700 1823 namo
711 1770 816 1820 responsio

71 1835 101 1873 dei
107 1851 112 1884 ;
129 1850 152 1875 ao
167 1849 192 1875 ne
209 1838 253 1888 quis
269 1852 305 1889 per
321 1839 392 1877 calami
410 1838 557 1878 aberrationem
568 1838 618 1876 Zere
635 1824 724 1887 positum
736 1838 816 1877 cavillet

70 1916 108 1953 pro
121 1903 191 1955 Segol,
207 1905 242 1944 Hi.
261 1920 279 1944 a.
292 1921 311 1945 v.
330 1907 374 1948 my
393 1919 493 1957 nusquam
504 1906 635 1956 respondere,
654 1906 688 1944 sed
702 1906 816 1956 opprimere
856 1956 859 1959 Α

71 1972 131 2010 audit.
153 1973 174 2024 2)
186 1973 321 2013 Transitivam
333 1975 435 2015 notionem
451 1974 505 2012 haud
520 1974 583 2024 probe
599 1979 729 2023 perceperunt
745 1974 766 2025 a)
779 1975 814 2024 qui

70 2039 136 2078 Deum
149 2046 261 2080 statuerunt
272 2056 316 2082 esse
328 2044 437 2083 subiectum
450 2042 577 2093 cogitationi,
594 2042 655 2080 veluti
670 2041 686 2079 I.
699 2041 726 2080 H.
739 2042 814 2081 Micia:

72 2108 196 2158 „equitatum
211 2110 298 2148 bostium
315 2112 436 2150 adducturus
453 2116 483 2149 est
499 2111 577 2158 deus,“
599 2110 643 2148 coll.
659 2109 698 2148 les.
714 2110 776 2158 VIII,
793 2113 816 2158 73

71 2174 109 2213 Ier.
121 2175 149 2224 L,
163 2179 185 2224 93
197 2182 218 2215 at
229 2178 275 2216 licet
290 2175 332 2219 aba}
346 2179 399 2218 haud
414 2192 460 2217 raro
477 2179 501 2217 de
518 2179 610 2217 hostibus
626 2178 732 2216 interram
744 2178 815 2216 irrum·
861 2192 863 2196 ·

16 2282 20 2292 ,
71 2243 164 2293 pentibus
177 2244 215 2282 diei
229 2246 336 2285 viderimus
350 2249 376 2285 ad
387 2247 418 2295 II,
431 2250 454 2296 2,
467 2247 517 2284 nibil
528 2251 559 2285 est
570 2252 637 2285 tamen
648 2246 669 2283 in
682 2246 816 2284 ariteoedcnti-

72 2311 109 2350 bus
121 2317 141 2350 et
152 2314 291 2365 sequentibus,
309 2327 348 2365 quo
365 2316 389 2354 de
404 2315 442 2353 deo
458 2315 542 2354 eundem
558 2314 579 2352 in
594 2314 675 2352 modum
689 2315 815 2365 cogitandum

72 2392 187 2419 moneamur
199 2367 223 2420 ao
233 2382 266 2431 Il,
278 2386 295 2421 4.
313 2382 337 2434 b)
348 2383 456 2422 Kotor-rius
468 2383 501 2421 all.
514 2383 613 2421 obiectum
632 2394 738 2432 perperam
755 2396 816 2434 quae·

72 2440 143 2486 rebarit
151 2442 219 2507 inpii.
232 2462 261 2495 rar
281 2446 342 2500 nobi,
355 2452 464 2491 secundum
472 2451 557 2490 latinum
569 2463 631 2501 genus
640 2450 718 2489 dicendi
730 2457 750 2489 et
762 2474 776 2478 —
790 2457 816 2499 et,

73 2501 118 2554 coll.
131 2515 187 2556 Gen·
195 2518 269 2567 XXII,
281 2522 293 2556 4
307 2527 350 2562 aaut
366 2530 417 2563 sinii
432 2543 456 2547 —
468 2519 489 2557 id
501 2520 555 2570 qnod
563 2518 674 2569 comparari
685 2519 767 2557 omnino
776 2532 817 2557 non

73 2596 139 2639 posse,
150 2585 185 2624 vix
195 2586 274 2625 debebit
283 2587 354 2626 notari.
374 2588 393 2638 c)
405 2588 504 2627 Restabat
515 2592 537 2625 ut
551 2587 683 2637 supplendum
698 2586 775 2638 aliquid
787 2588 816 2625 vi-

74 2653 159 2701 deretur,
172 2667 191 2691 v.
204 2667 220 2693 c.
234 2656 340 2694 ascendere
351 2656 426 2695 faciens
439 2669 474 2703 se3
488 2656 536 2707 quid
547 2669 605 2703 vero,
619 2667 705 2706 quaeso,
719 2668 758 2693 non
768 2656 817 2695 scri-

73 2721 115 2771 psit
126 2727 182 2760 vates
197 2718 253 2780 tibia?
265 2723 330 2774 Magis
342 2725 490 2763 commendatur
498 2725 588 2762 Erulum
600 2723 709 2773 disputatio
721 2723 742 2761 in
754 2737 816 2761 anno-

74 2790 183 2848 tationibus
196 2792 298 2841 exposita:
321 2789 397 2840 „abitu
415 2793 492 2832 sobeint
506 2792 537 2831 als
552 2791 697 2842 kriegerisclrer
708 2792 816 2831 Ausdruck

68 2857 110 2913 >das
123 2858 229 2898 Auflreben
242 2860 276 2899 der
288 2860 378 2911 Waffen,
397 2862 433 2901 das
450 2862 491 2902 sich
508 2874 554 2900 zum
565 2859 654 2912 Kampfe
670 2859 733 2899 bereit
749 2860 816 2900 hatten

696 2976 715 3029 l
