1889 3264
355 195 402 235 Cle.
412 195 432 244 I,
445 208 464 234 r.
475 195 502 233 ab
511 219 524 222 κ
533 198 549 232 G.
790 192 819 237 15

79 321 135 369 inde,
148 320 165 360 si
177 321 273 361 translate
285 321 337 360 dicta
349 325 455 371 putantur,
467 331 518 370 quae.
529 311 623 369 legimus,
637 331 660 356 ea
672 319 758 368 primum
770 320 822 357 ratio

79 395 121 437 cst,
138 396 160 428 ut
172 403 227 429 snam
239 390 326 441 quidque
341 390 415 426 habere
426 391 547 437 potestatem
558 386 689 436 symbolicam
701 387 822 434 existiment,

79 470 131 508 quae
142 458 247 508 multiplici
257 458 283 496 V.
292 457 325 494 Ti.
337 469 374 494 usu
386 466 507 505 magnopere
519 454 666 503 comprobatur.
692 454 823 494 Transfertur

80 525 132 563 enim
143 526 197 564 haud
208 538 265 573 raro,
281 529 303 562 nt
319 536 345 561 ex
360 522 457 572 exemplis
474 527 506 561 sat
517 521 584 559 multis
596 526 689 571 apparet,
705 535 742 571 per
753 522 822 561 simili-

79 593 168 631 tudinem
179 606 234 631 mare
246 592 271 629 ad
282 595 351 641 gentes
364 591 401 628 deo
413 588 548 636 adversarias,
560 589 615 626 fluvii
624 589 650 626 ad
659 588 733 627 victum
745 595 764 627 et
776 591 822 629 sub-

79 661 141 708 sidia,
160 663 269 710 tempestas
286 658 311 696 ad
327 657 462 696 calamitatum
478 656 632 704 vehementiam,
653 655 679 694 ad
698 657 823 696 atrocitatem

78 728 197 766 iudiciorum
213 726 287 774 nubes3
307 726 385 774 Basan,
403 725 516 773 Carmelus,
533 724 623 764 Libanus
642 730 735 763 ornatum
754 727 823 765 mundi

79 808 177 848 summum
188 795 286 843 referunt,
304 800 382 833 montes
397 806 459 845 regna
470 793 580 841 mundana,
596 805 656 844 rupes
669 794 754 845 denique
764 807 822 844 prae-

79 863 151 902 sidinm
164 868 185 909 et
194 862 298 914 refugium.
322 862 394 915 Neque
406 869 468 911 esset,
480 862 528 912 quin
542 861 575 899 hic
586 874 666 913 quoque
678 862 775 901 eiusmodi
787 864 822 901 ad-

79 932 200 969 mitteremus
218 931 366 979 similitudines,
382 931 421 969 nisi
437 930 459 967 in
474 929 539 968 medio
556 929 699 968 sententiarum
713 942 823 980 progressu

78 1012 97 1037 u.
110 999 137 1036 ab
155 998 210 1037 orbis
221 1004 318 1037 terrarum
335 1011 380 1037 eum
393 998 464 1036 incolis
476 998 517 1037 suis
528 997 611 1048 proprio
627 1010 687 1036 sensu
698 997 823 1048 appellaren-

78 1072 121 1115 tur,
134 1067 164 1105 sic
174 1072 267 1117 pergeret
277 1081 297 1105 v,
308 1069 346 1116 ba,
360 1072 379 1105 et
391 1066 418 1104 ob
431 1065 539 1105 secundum
549 1065 606 1103 illam
617 1078 709 1103 normam
721 1066 824 1105 extuberet

77 1147 147 1173 rursus
159 1134 272 1185 imaginem.
295 1134 365 1185 Longe
376 1135 441 1173 minus
454 1134 513 1172 ctiam
524 1133 607 1181 idonea,
624 1132 671 1172 licet
682 1133 770 1172 eiusdem
781 1134 823 1172 iere

78 1202 156 1252 generis
169 1203 204 1251 sit,
218 1215 286 1240 eorum
297 1202 395 1241 sententia
407 1207 446 1250 est,
460 1201 494 1252 qui
506 1214 547 1239 non
556 1201 659 1240 universas
670 1200 769 1251 quasdam
778 1215 823 1252 spe-

78 1271 129 1318 cies,
146 1271 182 1309 sed
197 1275 262 1309 certos
277 1270 364 1321 populos
380 1276 399 1308 et
413 1282 471 1319 reges
485 1269 606 1319 imaginibus
621 1268 661 1307 illis
673 1268 775 1319 indigitari
786 1283 823 1320 per

78 1338 195 1388 allegoriam
207 1338 302 1385 doceant,
314 1338 376 1376 veluti
383 1337 485 1376 israelitas
495 1336 677 1387 (Tritopatreus),
690 1335 823 1376 Sanheribum

78 1405 219 1456 (mannaan),
237 1405 339 1456 ,Assyrios
362 1405 483 1455 (timeon),
507 1403 696 1442 Nebucadnezarem
716 1404 822 1457 (alanne).

78 1474 99 1521 4)
110 1472 198 1523 Propius
215 1473 274 1511 etianr
289 1473 385 1511 accedunt
400 1474 426 1511 ad
437 1473 551 1519 veritatem,
568 1471 602 1523 qui
617 1484 658 1510 non
672 1470 694 1509 in
704 1485 772 1510 rerum
786 1485 822 1511 na-

78 1546 133 1589 tura,
150 1541 221 1579 sedin
237 1552 296 1579 sensu
311 1545 331 1578 et
346 1540 418 1578 animis
433 1552 502 1577 eorum
513 1539 584 1578 confici
597 1539 634 1577 illa
649 1538 726 1587 dicant,
743 1540 777 1591 qui
793 1540 824 1578 ira

78 1607 147 1645 divina
158 1613 297 1656 exerceantur,
310 1608 385 1658 qnippe
397 1607 431 1658 qui
442 1619 517 1657 angore
529 1611 571 1645 tam
581 1606 656 1657 ingenti
669 1607 789 1656 crucientur,
802 1613 824 1646 ut

78 1676 165 1713 titubare
177 1680 196 1712 et
208 1675 290 1712 deficere
304 1675 340 1713 sub
352 1674 437 1724 pedibus
449 1674 514 1714 solum
527 1674 632 1724 opinentur
644 1679 669 1712 ct.
682 1680 707 1712 ct.
732 1674 792 1723 Quod
804 1681 824 1713 et

78 1743 160 1781 insitum
175 1742 249 1781 nostris
266 1741 337 1781 animis
354 1755 407 1790 csse,
425 1747 444 1780 et
460 1742 529 1780 sentiri
543 1742 598 1780 houd
608 1754 666 1789 rare,
681 1742 716 1780 ubi
727 1743 824 1792 gravibus

79 1822 141 1860 genus
161 1811 269 1848 humanum
289 1810 400 1848 concutitur
419 1809 511 1858 casibus,
535 1811 682 1848 concedendum
703 1816 743 1858 est3
764 1811 824 1850 facile

79 1884 146 1917 tamen
156 1878 284 1929 intelligitur,
303 1879 320 1917 si
330 1878 421 1929 ingentes
432 1878 543 1928 prophetae
554 1878 685 1929 cogitationes
698 1878 779 1918 deberet
790 1893 823 1918 ae-

79 1960 151 1998 quare,
166 1947 219 1984 hunc
235 1958 314 1984 sensum
324 1947 406 1984 nimium
418 1951 514 1997 quantum
528 1947 573 1984 fore
588 1946 751 1997 exaggerandum
762 1952 823 1999 atque

78 2013 245 2065 amplificandum.

113 2081 175 2121 Suum
192 2082 253 2133 igitur
269 2081 339 2133 cuique
354 2082 428 2120 rationi
447 2082 529 2121 subesse
544 2094 614 2120 verum
633 2081 734 2130 videmus,
756 2083 824 2122 deesse

78 2155 145 2188 tamen
158 2150 245 2200 aliquid,
257 2155 280 2188 ut
291 2150 458 2200 magnificentiam
469 2151 575 2189 verborum
587 2150 668 2201 assequi
679 2150 752 2190 valeat.
770 2151 824 2200 Quid

77 2217 119 2256 ita?
141 2219 247 2256 tenendum
258 2223 305 2256 ante
317 2218 384 2256 omnia
400 2230 514 2267 censemus,
530 2231 569 2256 non
584 2218 714 2256 meditatione
725 2219 793 2270 aliqua
805 2226 825 2258 ct

79 2286 161 2325 consilio
173 2286 265 2324 inventas
278 2298 290 2323 a
301 2291 348 2323 vate
358 2286 455 2335 imagines
468 2299 521 2334 esse,
539 2291 561 2324 ut
573 2291 637 2324 certas
650 2286 748 2336 quasdam
758 2287 823 2325 inuol-

78 2359 147 2392 verent
164 2353 250 2404 species,
269 2353 304 2391 sed
320 2352 400 2392 oblatas
417 2353 435 2391 ei
450 2366 487 2403 per
503 2354 607 2393 visionem.
636 2353 689 2392 Tum
704 2367 753 2392 vero
769 2354 824 2392 miri-

59 2437 62 2439 >
78 2422 117 2460 fica
132 2421 178 2470 illa,
195 2421 282 2473 quaein
298 2421 441 2471 prophetarum
451 2420 562 2460 visionibus
575 2426 614 2469 est,
632 2421 695 2459 divini
711 2422 793 2472 spiritus
806 2429 825 2461 ct

78 2489 154 2539 ingenii
164 2488 246 2527 humani
262 2489 347 2528 societas
359 2489 456 2540 [praedam
472 2495 492 2527 et
507 2489 619 2528 communio
631 2489 776 2528 consideranda
787 2496 824 2539 est,

79 2570 131 2607 quae
147 2556 243 2595 eiusmodi
261 2563 301 2605 est,
321 2562 343 2594 ut
363 2557 463 2608 segregari
482 2557 565 2596 alterum
582 2558 607 2596 ab
626 2558 689 2595 altero
705 2558 825 2608 cogitatione

79 2629 149 2662 nostra
160 2637 200 2661 non
212 2625 283 2673 possit.
300 2625 406 2663 Postremo
417 2625 574 2675 dignoscendum
585 2638 663 2675 semper
675 2625 724 2673 erit,
737 2638 825 2676 quonam

80 2691 139 2730 modo
152 2691 196 2740 ipse
207 2691 340 2740 intellexerit,
357 2705 408 2744 quae
419 2692 479 2741 vidit,
493 2698 559 2741 vates,
576 2706 615 2744 quo
628 2705 664 2731 sua
679 2692 700 2730 id
712 2699 778 2732 mente
790 2707 825 2732 ex-

81 2759 169 2809 ceperint
183 2758 297 2808 israelitae,
316 2772 356 2810 que
376 2761 461 2812 denique
479 2761 500 2798 in
520 2761 608 2798 omnium
624 2760 717 2811 deinceps
738 2767 826 2800 aetatum

80 2826 215 2866 conuertenda
226 2838 284 2864 usum
297 2827 407 2866 videantur.
426 2827 504 2876 Quibus
513 2841 539 2866 ex
551 2828 655 2879 principiis
668 2842 765 2880 quaenam
778 2842 825 2867 con-

79 2895 158 2934 ficiatur
170 2894 268 2935 sufficiens
281 2900 300 2933 et
311 2894 384 2934 idonea
395 2897 493 2935 sermonis
505 2896 616 2948 prophetici
632 2897 694 2945 ratio,
712 2909 752 2936 non
764 2897 826 2937 inter-
