1889 3264
103 158 168 185 xnrur
338 147 502 184 Paornuorrnur.
521 145 569 183 Car.
583 145 608 182 ll.

103 271 259 311 Dercedatarum
275 269 362 316 familia,
380 283 440 320 penes
457 282 517 321 quam
533 283 545 307 a
558 268 613 307 Nino
625 268 671 305 inde
684 274 703 306 et
717 266 846 307 Semiramide

104 352 181 380 summa
192 351 258 376 rerum
269 338 345 386 fuerat,
357 339 393 376 illo
406 345 496 389 tempore
515 350 558 377 esse
574 337 682 383 exstincta,
704 348 747 374 cum
763 335 846 374 Balaio-

104 420 136 446 ras
154 407 235 458 quidam
252 406 342 444 ultimum
363 420 440 457 regem,
462 419 520 457 quem
540 405 628 444 Grnsrns
649 402 738 453 appellat
750 403 845 450 Beleum,

103 476 199 513 Bonosus
211 480 277 512 autem
286 474 405 523 Belochum,
417 487 479 525 regno
492 474 570 513 eiiceret
582 479 601 511 et
612 484 677 511 rerum
687 471 730 521 ipse
742 471 845 520 potiretur.

81 567 83 583 t
105 542 146 582 Sub
162 556 215 581 nora
230 549 296 581 autem
308 542 411 592 dynastia,
429 555 480 592 quae
493 542 519 580 ad
531 555 546 580 s.
558 540 712 590 Vlllflfflusque
724 538 847 576 continenter

104 611 206 661 regnavit,
222 612 271 648 fines
287 610 375 659 imperii,
394 610 501 648 domestico
518 609 560 647 iere
576 610 652 647 ambitu
668 612 770 657 superato,
788 618 847 655 auge-

85 671 87 708 l
104 680 178 717 bantur
198 679 289 727 deinceps
309 684 369 728 atque
389 677 572 727 ampliticabantur,
595 677 657 715 donec
678 688 701 713 eo
722 674 848 725 profecerant

105 747 197 797 Assyrii,
210 752 233 783 ut
244 758 321 784 summa
333 745 357 782 de
369 746 418 783 orbe
429 750 526 793 terrarum
537 745 627 795 potentia
639 744 752 794 gauderent·
774 742 848 780 Primis

100 820 171 869 ¹¹autem
188 814 243 851 illinc
259 813 329 852 seculis
346 819 381 850 aut
398 813 475 851 tardius
492 813 572 851 omnino
588 812 691 862 progressi
706 811 797 849 ridentur
814 816 848 847 aut

98 872 202 944 {orientem
217 886 293 920 tantum
310 895 379 921 versus
394 881 484 920 victricia
499 881 607 930 protulisse
622 893 689 926 arma3
709 892 774 929 neque
789 879 847 925 eninr,

99 945 146 1001 {nisi
163 950 192 988 ila
204 955 266 996 esset,
283 949 368 988 Doridis
385 955 404 987 et
415 948 528 988 Salomonis
545 961 626 999 regnum
638 953 678 986 tam
690 947 783 994 feliciter,
799 946 849 984 nihil

99 1003 157 1069 :ipsis
169 1018 326 1067 refragantibus,
340 1018 366 1054 ad
377 1017 500 1067 Euphratem
512 1030 576 1067 usque
591 1016 690 1066 potuisset
706 1014 779 1065 augeri.
795 1014 849 1053 Fieri

107 1092 172 1125 autem
184 1099 225 1123 non
236 1090 325 1135 poterat,
343 1086 391 1136 quin
404 1085 538 1123 occidenteml
550 1097 630 1136 quoque
641 1088 731 1134 peterent
747 1087 767 1120 et
778 1081 849 1132 Syriae
893 1082 894 1085 ’

106 1154 165 1193 etiam
177 1159 197 1191 et
207 1153 334 1191 Palaestinae
346 1165 402 1190 arma
412 1152 518 1200 inferrent,
534 1157 594 1203 atque
610 1152 659 1190 adeo
677 1152 702 1188 ad
713 1150 848 1189 israelitarum

107 1223 149 1260 fata
161 1234 281 1271 magnopere
293 1220 420 1270 pertinerent.
440 1220 474 1259 Sic
485 1220 560 1270 primus
578 1220 676 1264 omnium,
692 1219 709 1257 si
725 1218 782 1256 cunei
797 1223 849 1255 recte

107 1290 204 1327 enucleati
216 1294 271 1336 sunt,
291 1288 340 1326 Iehu
355 1288 507 1327 bellicosissimo
520 1288 562 1337 regi
573 1288 613 1336 illi,
630 1287 663 1337 qui
681 1286 702 1323 in
714 1290 780 1324 statua
791 1284 849 1323 Nim-

107 1358 189 1395 rudensi
200 1357 264 1394 fastos
276 1368 323 1394 suos
336 1356 442 1406 expressit,
454 1356 602 1404 Divanubarae,
616 1355 669 1393 dona
678 1353 784 1404 pertulisse
795 1354 849 1391 ride-

107 1433 139 1463 tur
146 1424 158 1463 ².
177 1426 206 1462 At
217 1436 257 1474 quo
269 1424 333 1473 magis
345 1425 475 1474 Assyriorum
487 1424 597 1474 augebatur
608 1422 698 1473 potentia
710 1428 770 1473 atque
782 1435 849 1471 super-

143 1561 160 1598 1)
171 1560 221 1592 Bello
234 1560 310 1592 Troiano
323 1559 434 1592 Memnonem
446 1560 467 1592 ab
481 1561 592 1602 Assyriorum
605 1570 645 1602 rege
657 1560 741 1592 Teutarno
753 1569 790 1591 curn
801 1560 849 1591 armi-

107 1620 134 1650 liis
146 1618 217 1650 missum
228 1617 327 1649 interfuisse
340 1618 393 1650 tradit
404 1618 478 1650 Drouon.
491 1618 531 1649 bibl.
544 1617 571 1657 II,
584 1618 614 1658 223
627 1618 680 1659 quid?
693 1617 738 1659 quod
747 1616 803 1648 Porro
815 1617 848 1657 leg.

106 1675 144 1715 ΠΙ,
160 1676 193 1707 685
210 1678 231 1705 et.
255 1673 351 1705 Troianum
366 1685 438 1716 reguum
453 1675 541 1715 Assyriaci
556 1675 623 1717 imperii
639 1672 707 1718 μόριον
722 1674 775 1706 fuisse
791 1673 849 1713 docet-3

107 1734 203 1764 Assaracus
215 1735 281 1771 autem,
293 1730 358 1762 Priami
371 1732 471 1771 avunculus,
485 1731 546 1763 summi
558 1732 632 1762 numinis
644 1742 708 1764 nomeu
719 1732 778 1763 refert.
795 1732 849 1772 Assy·
887 1772 889 1776 .

107 1790 142 1821 rios
155 1789 224 1821 omnino
238 1788 260 1819 ad
267 1788 371 1819 Asianorum
383 1790 460 1829 gentium
472 1793 489 1820 et
496 1788 602 1820 Graecorum
613 1789 715 1830 praesertim
728 1792 773 1820 artes
781 1786 849 1820 'mores-

107 1855 141 1887 que
153 1845 286 1877 conformandos
298 1854 402 1887 magnopere
414 1847 525 1887 pertinuisse,
539 1856 576 1877 cum
587 1846 643 1886 primo
655 1846 691 1876 fere
701 1850 849 1877 monumentorum

106 1906 177 1943 aspectu
188 1907 278 1945 appareat,
293 1906 329 1934 tum
342 1903 360 1934 in
372 1903 445 1934 clariore
457 1903 512 1934 indies
525 1903 562 1934 luce
574 1903 688 1934 constituitur.

143 1960 159 2001 2)
171 1958 240 1991 Nomen
252 1960 307 1999 regis,
319 1960 348 2001 qui
360 1960 480 2001 grarissimum
488 1959 521 1991 hoo
528 1962 657 1990 monumentum
666 1959 732 2000 posuit,
745 1958 849 1990 aaronis.

107 2026 153 2047 nunc
163 2016 277 2047 Diranubara
289 2016 331 2057 legi,
344 2026 355 2047 a
367 2016 441 2049 Gnorrr.
455 2014 581 2055 Shalrnaneser,
594 2025 645 2057 supra
656 2016 762 2056 monuimus3
774 2015 850 2047 referun-

107 2077 135 2102 tur
148 2075 205 2103 autem
217 2072 281 2103 XXXI
294 2082 378 2103 annorum
390 2077 447 2114 gesta,
460 2081 504 2112 quae
516 2071 646 2104 Salmanassaro
663 2074 747 2115 impertiri
758 2077 850 2114 nequeunt,

108 2128 142 2160 nisi
153 2129 198 2160 forte
211 2127 325 2160 Sanheribum
340 2120 420 2170 rogaturi
431 2132 496 2160 tantum
511 2128 642 2161 Salmauassaro
657 2130 744 2162 subditum
759 2134 820 2171 putare
832 2130 850 2160 in

109 2185 166 2217 animo
179 2189 214 2224 est,
230 2185 248 2216 id
260 2185 306 2226 quod
318 2190 383 2217 temere
396 2186 465 2217 admisit
478 2186 595 2227 Gnorararu).;
612 2187 710 2229 opinionem
722 2188 758 2218 eius
770 2186 851 2218 refutarit

79 2246 81 2248 ’
107 2242 179 2274 Ewnnu.
195 2242 273 2283 Gotting.
289 2243 366 2283 gelehrte
381 2243 426 2274 Ana.
440 2243 495 2283 lSol,
512 2242 624 2275 Stilo-oa.
648 2244 738 2284 Ceterum,
757 2243 851 2285 quicunqne

107 2300 140 2330 fuit
155 2309 186 2330 rex
202 2299 231 2331 ille
247 2299 304 2340 (ouem
319 2300 404 2333 liniamus.
423 2300 496 2332 eundem
512 2310 549 2333 esse
565 2311 585 2333 ac
600 2300 714 2341 Deleboram,
734 2311 744 2333 a
759 2301 850 2332 Alaenorro

108 2361 259 2389 commemoratum
271 2359 351 2399 opinatur
363 2357 441 2390 Outlines
453 2369 470 2401 p.
478 2357 547 2398 XXIV)
560 2358 581 2390 de
594 2363 651 2390 aetate
664 2359 699 2390 eius
712 2369 726 2390 c.
740 2369 755 2390 a
769 2359 802 2391 860
817 2363 850 2390 sta-

108 2414 173 2446 tuenda
183 2415 214 2446 rix
226 2414 340 2447 dubitandum
352 2419 386 2455 est,
400 2425 438 2447 cum
446 2415 529 2448 Charaila
538 2425 551 2446 s.
559 2415 633 2455 Hasael,
644 2415 793 2447 Damascenorum
804 2418 851 2458 prin-

107 2483 156 2515 ceps,
169 2476 219 2512 atquc
230 2471 314 2512 Ethbaal,
327 2471 439 2505 Sidoniorum
451 2482 492 2513 rex,
508 2472 623 2504 nominentur.
647 2472 710 2504 Altera
722 2477 779 2505 autem
791 2483 851 2505 eorum

106 2541 155 2573 pars,
168 2530 197 2570 qui
209 2528 256 2561 dona
267 2529 407 2571 splendidissima
419 2529 511 2562 afferentes
523 2530 624 2571 pinguntur,
637 2538 672 2561 non
684 2529 740 2562 solmn
752 2540 851 2573 expressum

106 2587 225 2619 lsraelitarunr
239 2586 317 2618 habitum
334 2587 436 2628 ostendunt,
451 2597 511 2619 venun
526 2596 590 2618 nomen
605 2587 660 2628 regis,
679 2597 690 2619 a
706 2596 739 2628 quo
755 2589 851 2628 mittuntur,

105 2645 186 2675 Hmusrus
199 2645 249 2676 simul
261 2649 277 2676 et
285 2644 371 2677 liniamus.
385 2645 471 2677 affirmant
483 2648 573 2676 exaratum
586 2654 632 2677 esse:
646 2645 718 2686 „Yahua
729 2646 776 2678 filius
785 2645 851 2678 Khurn-

107 2702 167 2743 riya;“
180 2701 212 2733 fuit
225 2702 293 2741 quidem
304 2702 347 2734 Iehu
359 2713 394 2735 non
406 2703 452 2735 filius
465 2701 522 2741 Omri,
535 2701 565 2732 sed
572 2701 670 2745 Iosephati,
683 2707 700 2735 et
711 2713 765 2746 nepos
773 2703 851 2743 Nimslri3

106 2764 123 2790 at
139 2760 184 2790 illius
200 2760 245 2791 torte
261 2760 306 2791 filius
322 2760 376 2792 dietus
393 2765 427 2800 est,
445 2770 483 2791 cunr
498 2757 546 2789 haud
558 2758 583 2790 ita
595 2759 648 2791 multo
660 2766 700 2802 post
711 2760 800 2802 regnando
813 2769 851 2791 eum

104 2818 181 2857 excepit3
204 2815 284 2849 Samaria
300 2822 358 2849 autem
377 2817 394 2848 in
411 2816 487 2858 Assyriis
503 2816 558 2848 titulis
574 2816 619 2849 solet
638 2817 722 2859 appellari
736 2816 781 2848 Beth
797 2815 851 2849 Omri.

105 2873 152 2904 Libri
165 2875 208 2905 sarri
220 2882 304 2914 nusquam
317 2875 391 2914 aliquam
404 2874 454 2905 liuius
466 2873 508 2906 facti
521 2875 621 2906 memoriam
635 2875 724 2912 exhibeam
738 2878 795 2906 tamen
804 2875 850 2916 cogi-
