1889 3264
117 125 164 171 ll‘d
386 128 434 166 Car.
444 129 485 177 ΙΙΙ,
495 142 513 168 u.
524 130 587 166 S-l3.

116 253 256 293 intellexeruut
271 252 456 306 Niuumtauquam
471 254 557 292 medium
572 253 629 305 regni
644 254 709 292 locum
726 253 802 304 Grata,
819 252 858 292 Cn-

116 334 195 370 111111,
211 322 321 370 Houmu.;
338 335 383 360 uam
400 335 485 374 sequeus
504 323 582 361 demum
598 335 667 361 versus
684 322 710 360 ad
721 321 786 372 ipsum
799 327 858 372 caput

116 390 202 430 adducit.

150 459 227 508 Elapso
240 458 365 498 defensorum
377 459 444 497 animo
455 459 499 497 fieri
510 471 550 497 non
561 464 638 509 potest,
651 458 699 509 quin
709 458 859 508 propugnacula

117 526 176 565 facile
188 531 314 577 occupentur.
333 523 406 574 ,ammi
428 527 480 565 male
492 527 517 565 ad
527 526 663 565 antecedentia
671 530 795 564 retorserunt
805 525 822 563 Ι.
831 525 857 563 D.

117 594 192 641 Mrem,
209 594 334 641 Runcunnr,
350 593 411 632 Hrrz.
424 594 452 645 (1)
464 592 575 642 Honorati
586 594 615 632 ita
625 599 648 631 ut
659 593 747 631 audiret:
758 594 859 643 eregioue

117 662 204 700 hostium
217 661 329 708 constituti,
345 661 437 700 mulieres
450 667 505 710 sunt;
522 674 562 712 quo
578 661 641 700 futilis
654 661 782 699 conficeretur
793 665 859 699 tauto·

117 730 178 782 logia.
191 753 216 757 -
226 740 287 773 iuna]
303 739 360 773 nina.
372 729 468 768 infinitivi
476 729 563 769 absoluti
573 742 616 768 cum
624 730 684 768 verbo
694 728 750 768 finito
760 728 859 767 coniuncti

118 799 149 838 vis
162 803 181 836 et
193 797 282 836 efficacia
293 797 395 848 praeclaro
408 798 446 837 hoc
458 798 544 837 cernitur
556 797 658 849 exempl03
670 797 768 848 rapiditas
781 803 800 836 et
810 797 859 836 faci-

65 854 67 856 ·
116 868 176 915 litas,
191 879 231 917 qua
245 871 316 916 portae
332 866 456 916 aperiuntur,
472 867 508 905 vix
520 866 587 918 aptius
599 865 685 916 exprimi
695 866 789 916 potuerit.
804 875 859 906 *anta

119 945 176 984 aras
191 947 215 972 ea
229 939 276 973 suut
286 935 354 972 finium
365 934 421 983 loca,
433 948 469 985 per
481 948 532 987 quae
544 935 609 973 aditus
621 939 677 985 patet
687 934 708 972 iu
725 939 809 983 terram,
825 947 859 972 ve-

118 1003 156 1040 luti
167 1003 235 1041 fauces
247 1008 267 1040 et
278 1002 382 1051 angustiae
397 1003 504 1051 ruentium,
523 1002 609 1042 castellis
626 1003 666 1040 fere
681 1002 778 1049 munitae,
795 1002 859 1040 cuius·

119 1070 174 1108 modi
189 1070 315 1108 acerrimus
329 1069 387 1107 Phal.
405 1083 425 1119 p.
440 1073 479 1108 aad.
496 1069 545 1108 Can.
562 1084 582 1120 p.
595 1072 628 1108 377
643 1070 734 1107 laudavit
746 1068 859 1107 Ohaborarn

119 1144 218 1184 montem,
231 1137 308 1175 Mediae
320 1137 445 1187 oppositum,
458 1137 576 1176 etTucurus
585 1138 598 1175 l.
607 1137 620 1175 l.
630 1150 650 1187 p.
659 1139 681 1175 35
694 1136 770 1174 addidit
781 1142 859 1175 montes

119 1219 131 1244 a
144 1205 212 1243 Plinio
228 1204 268 1242 iam
282 1204 348 1243 invios
363 1205 484 1255 appellatos,
502 1205 536 1256 qui
552 1206 578 1243 ad
593 1205 746 1255 septentrionem
764 1210 858 1255 rergunt3

119 1274 170 1313 adde
188 1286 267 1324 quoque
283 1272 384 1311 fluminum
402 1273 453 1312 uada
470 1279 489 1312 et
504 1274 599 1312 transitus
612 1273 644 1311 all.
662 1273 770 1311 Portarum
787 1279 860 1321 autem,

119 1342 213 1394 quoniam
226 1341 312 1379 maxime
325 1342 390 1379 solent
401 1343 488 1380 munitae
499 1355 552 1391 esse,
566 1355 589 1380 ea
601 1341 737 1392 estgravitas,
750 1346 772 1380 nt
781 1341 815 1392 qni
827 1354 861 1380 eas

119 1410 205 1460 ceperit,
219 1422 290 1447 omnen
302 1409 361 1448 simul
372 1411 441 1448 urbem
454 1410 588 1460 occupaverit,
602 1410 637 1447 cfr.
649 1408 769 1458 IesXXII,
782 1412 792 1447 7
799 1424 804 1456 ;
816 1409 860 1447 Iud.

118 1478 144 1526 V,
158 1480 179 1525 83
196 1477 288 1525 1111111,
302 1480 322 1525 95
339 1478 377 1516 Ier.
390 1478 448 1526 XIV,
461 1481 481 1525 ‘23
497 1479 535 1517 Ies.
548 1478 627 1526 XXIV,
641 1480 667 1515 12.
688 1477 782 1516 Claustra
797 1482 861 1516 terrae

119 1546 159 1585 alio
172 1545 232 1584 etiam
244 1557 304 1583 seusu
315 1545 390 1584 usitata
401 1546 436 1584 cfr.
447 1546 489 1583 Ion.
501 1545 533 1593 H,
546 1549 562 1582 7.
572 1568 596 1573 —
609 1545 741 1584 Continuatur
753 1545 861 1583 similitudo

118 1618 251 1665 praepostera
266 1613 362 1662 imagine:
378 1616 469 1652 consteruit
483 1616 532 1663 tpcis
547 1620 606 1652 vectes
622 1619 668 1651 tuor.
687 1625 735 1655 ruia
752 1626 770 1650 a.
782 1627 800 1651 u.
813 1623 861 1661 rm,

119 1682 154 1720 cfr.
167 1681 233 1719 Exod.
245 1680 350 1730 XXXVI,
362 1683 385 1719 33
398 1688 432 1730 „et
442 1681 490 1719 fecit
501 1687 576 1720 vectem
588 1681 700 1719 medianum
718 1681 753 1731 qui
767 1681 863 1720 transiret

119 1745 192 1800 (uari)
204 1762 240 1799 per
252 1749 327 1788 medios
340 1762 417 1788 asseres
429 1750 454 1788 ab
471 1750 534 1788 altero
550 1755 640 1788 extremo
657 1749 683 1787 ad
698 1750 802 1787 alterum.“
819 1749 863 1797 Iam

120 1830 168 1857 vero
177 1817 310 1867 quaerendum
320 1823 359 1865 est,
369 1823 435 1856 utrum
444 1831 480 1857 sua
489 1818 548 1856 etiam
557 1817 646 1856 vectibus
656 1817 793 1868 metaphorica
802 1830 863 1867 quae-

121 1887 167 1924 dam
179 1884 270 1923 videatur
282 1891 372 1935 potestas
383 1878 502 1935 tribuenda,
512 1899 537 1924 an
550 1886 635 1937 simplex
648 1885 669 1923 in
682 1884 799 1923 exornanda
809 1884 864 1924 simi-

120 1953 204 1991 litudine
216 1953 351 1993 concedendus
363 1954 419 1993 locus
432 1953 489 1993 esse?
509 1954 586 2003 Quibus
597 1952 683 2004 primum
694 1953 744 1991 illud
751 1952 836 2003 placuit,
849 1952 864 1991 ii

122 2027 187 2060 vectes
199 2022 330 2060 meminerunt
341 2022 363 2060 id
375 2035 429 2070 csse,
446 2034 485 2073 quo
498 2022 616 2060 clauduntur
631 2027 712 2071 portae,
728 2021 767 2059 11.
783 2021 865 2059 castella

122 2096 142 2128 et
157 2089 320 2139 propugnacula,
342 2090 414 2141 quibus
434 2090 499 2128 aditus
516 2095 581 2128 terrae
592 2089 733 2137 defenduntur,
756 2088 790 2127 cir.
816 2100 864 2128 naa:

121 2157 173 2196 Hos.
182 2156 223 2205 XI,
237 2160 258 2205 (33
271 2170 323 2208 quae
333 2157 472 2208 interpretatio
484 2157 562 2197 etiamsi
574 2157 639 2208 possit
648 2158 791 2205 commendari,
808 2170 866 2208 prae-

122 2226 204 2263 ferimus
220 2231 287 2263 tamen
302 2226 391 2264 alteram.
409 2226 540 2277 Assyriorum
557 2231 623 2264 autem
639 2226 760 2264 consuetudo
773 2231 825 2274 erat,
844 2230 867 2263 ut

68 2344 70 2346 Ι
122 2293 213 2332 locorum
224 2293 356 2342 munitorum,
370 2307 422 2345 quae
434 2299 584 2345 oppugnarent,
597 2294 662 2344 portis
674 2293 728 2332 faces
741 2293 866 2341 subiicerent,

123 2362 195 2413 quibus
208 2368 352 2410 cremarentur,
365 2362 394 2400 uti
406 2375 431 2400 ex
443 2362 572 2412 amplissimis
584 2367 757 2400 monumentorum
769 2361 867 2411 exemplis

122 2429 252 2480 intelligimus
261 2429 272 2467 ³<
289 2429 384 2469 vectibus
400 2442 448 2481 ergo
464 2442 504 2468 non
519 2430 559 2468 alia
570 2429 676 2468 tribuenda
691 2429 809 2479 significatio
823 2429 866 2477 erit,

124 2510 185 2549 quam
196 2502 219 2535 ut
230 2503 265 2535 aut
277 2498 397 2548 amplificent
404 2503 507 2548 portarum
517 2498 676 2546 similitudinem,
689 2503 723 2535 aut
735 2497 868 2548 metonymice

159 2628 177 2669 1)
190 2628 224 2661 Cfr.
235 2627 302 2660 Boron
314 2639 330 2671 p.
340 2629 379 2661 185.
395 2628 433 2661 191.
450 2629 489 2661 178.
506 2629 544 2661 192.
561 2627 594 2660 1911
606 2626 634 2659 all.
657 2627 680 2659 Id
692 2627 738 2670 quod
750 2627 793 2660 adeo
806 2626 869 2659 abiisse

126 2687 145 2719 in
156 2686 234 2728 regulam
245 2686 321 2725 videtur,
334 2690 352 2717 ut
363 2685 406 2717 Bou⁴
418 2696 435 2727 p.
444 2686 477 2718 178
490 2684 511 2716 dc
522 2685 598 2726 imagine
610 2684 684 2726 quadam
696 2684 760 2725 (Boura
771 2685 793 2727 pl.
802 2683 830 2724 93)
843 2693 868 2716 as-

126 2748 201 2776 severat:
215 2743 244 2784 „It
256 2743 271 2775 is
282 2742 378 2784 remarlret,
389 2742 427 2773 that
439 2742 468 2773 the
476 2741 569 2782 Assyriaus
577 2740 621 2774 liave
631 2746 662 2775 not
671 2746 697 2774 set
706 2742 737 2773 firc
749 2745 766 2773 to
779 2741 808 2773 the
820 2745 868 2782 gates

125 2801 145 2833 of
155 2800 190 2833 this
202 2801 245 2843 city,
262 2810 281 2832 as
294 2800 379 2842 appeared
391 2804 409 2831 to
421 2800 442 2831 bc
455 2798 499 2830 their
511 2800 559 2831 usual
571 2801 646 2840 practice
658 2800 676 2832 in
689 2798 778 2840 attacking
792 2807 803 2829 a
819 2796 869 2830 forti,-

125 2857 158 2890 ficd
171 2857 236 2899 place.“
