1889 3264
362 166 411 206 Gar.
422 165 453 214 H,
465 176 485 203 v.
494 169 511 203 7.
777 162 806 206 'll

65 309 114 350 quas
126 296 271 347 impediebatur
283 293 359 345 passim
371 302 463 330 accessus
474 290 553 328 adeam
562 290 673 338 terrestris,
686 294 706 329 et
714 303 750 341 per
759 301 810 340 quas

66 373 131 405 tamen
143 364 227 403 navibus
240 363 333 402 accedere
346 365 365 399 et
376 359 468 398 recedere
480 357 582 405 solebam3
595 358 635 396 tale
647 358 696 408 quid
708 359 761 397 enim
772 370 809 408 po-

65 435 104 472 tius
116 437 177 471 esset:
193 441 271 475 aarum
286 440 332 468 ama
347 438 423 469 nauum.

20 483 21 486 Ἰ
98 501 121 552 b)
136 500 205 549 Longe
217 497 280 537 satius
293 500 384 547 egerunt,
402 494 436 545 qui
448 507 488 532 non
500 493 521 531 in
533 494 608 544 portis,
626 494 662 533 setl
677 494 698 531 in
717 493 809 531 fluviis

65 570 127 608 latere
138 567 246 617 imaginem
258 565 371 614 opinantur.
396 562 441 611 Quo
457 563 479 600 in
494 574 566 613 genere
582 562 601 612 1)
613 561 809 600 Rosanrrunmnnus

66 636 186 676 assentiente
201 644 229 671 nu
242 632 331 669 Wnrmo
349 631 446 682 cogitavit
460 631 558 679 hostes,
574 630 639 681 portis
656 629 736 681 quidem
751 635 810 668 antea

65 710 164 751 retentos,
176 703 216 740 iam
222 711 278 738 ‘vero
291 699 390 747 effractis,
403 699 506 738 fluminum
517 699 581 737 instar
593 698 660 736 omnia
671 698 810 736 inundantium

66 773 91 809 in
102 773 187 809 urbem
198 769 359 818 irrumpere,
372 767 407 805 cir.
422 767 444 815 I,
460 781 479 805 r.
491 770 508 805 7.
534 766 591 814 Quae
602 779 700 817 aquarum
712 765 811 817 signitica-

66 839 94 878 tio
107 836 217 889 symbolica
232 836 279 873 licet
294 840 339 873 rata
356 835 382 873 sit
393 835 414 873 in
425 835 446 872 ll.
460 848 499 882 ss,
518 834 553 872 vix
565 840 631 872 tamen
642 835 662 873 ‘rt
678 835 702 873 'm
717 835 769 872 nude
781 833 811 871 di-

67 912 119 945 ctum
134 905 173 942 hoc
184 903 301 954 praesertim
315 903 360 941 loco
378 903 407 941 ita
419 903 559 953 explicandum
572 902 619 949 erit,
639 915 683 940 cum
695 915 721 940 ox
733 907 811 939 antece-

67 973 158 1012 dentibus
174 984 215 1010 non
231 970 339 1022 imagines,
361 971 396 1008 sed
412 970 550 1009 continuatam
566 970 721 1021 expugnationis
738 969 811 1008 descri-

66 1041 154 1092 ptionem
167 1045 311 1089 exspectemus.
336 1037 435 1087 Quoniam
447 1051 544 1089 aquarum
557 1043 577 1077 et
587 1038 693 1076 fluviorum
705 1037 812 1087 multiplex

67 1109 130 1147 estin
146 1107 290 1146 transferendis
307 1106 470 1146 similitudinibus
485 1119 545 1155 usus,
561 1107 582 1158 ⁵2)
597 1106 738 1145 Hmnonrnms
754 1106 811 1144 intel-

66 1176 116 1214 lexit
128 1180 212 1225 „portas
223 1175 310 1214 Ninivae
327 1188 378 1225 (puae
395 1176 420 1213 ad
437 1175 501 1213 instar
517 1174 620 1213 fluminum
639 1175 726 1214 habebat
738 1174 810 1212 civium

66 1243 211 1282 multitudinem
218 1246 237 1292 ,“
251 1249 271 1281 et
281 1242 349 1293 paullo
363 1242 420 1282 aliter
431 1243 542 1281 Hruzrcrns
554 1242 610 1292 (edit.
622 1242 669 1294 11.);
683 1242 809 1293 „diejenigen

65 1311 159 1352 Strassen
171 1312 205 1349 der
217 1310 287 1359 Stadt,
296 1311 379 1354 .ruelche
394 1311 430 1349 aui
440 1311 508 1350 There
520 1311 654 1358 ausmiinden,
670 1311 711 1348 und
729 1311 750 1348 in
761 1311 810 1348 wel-

66 1380 115 1418 chen
130 1382 171 1417 aa
192 1379 224 1417 die
243 1379 385 1429 Bevbllrerung
404 1384 453 1417 statt
473 1379 508 1417 der
522 1378 607 1417 Wasser
626 1379 722 1417 fluthen.“
752 1379 781 1416 At
793 1378 810 1416 si

66 1447 145 1499 quando
158 1447 279 1497 symbolious
291 1446 362 1484 horum
371 1448 477 1485 verbo-rum
489 1460 559 1486 sensus
568 1447 696 1496 accipiendus
704 1452 745 1494 est,
757 1446 810 1483 idem

65 1515 132 1554 valeat
142 1527 223 1554 necesse
234 1520 265 1553 est
276 1515 310 1565 qut
322 1528 341 1553 v.
355 1517 375 1563 9,
392 1514 428 1554 ubi
438 1528 513 1553 meram
525 1514 656 1581 multitmginis
669 1514 810 1565 cogitationem

66 1596 106 1621 non
118 1584 168 1621 satis
180 1595 224 1621 esse
234 1582 352 1621 videbimus.

99 1650 136 1688 ΠΙ.
160 1651 237 1688 Eodem
248 1650 372 1688 referendum
385 1656 426 1698 est,
443 1650 497 1700 quod
512 1663 548 1688 nec
563 1650 624 1689 aliam
635 1651 755 1700 probamus,
773 1650 811 1689 etsi

66 1718 190 1769 ingeniosam
208 1718 296 1756 omnium
311 1717 398 1756 maxime
414 1718 532 1756 sententiam
543 1717 670 1766 Urmumrn,
689 1719 723 1770 qui
738 1718 811 1757 utrius-

67 1799 106 1837 que
117 1786 173 1825 verbi
185 1787 282 1825 translato
295 1792 370 1825 statuto
383 1799 443 1825 sensu
455 1786 484 1825 sic
496 1786 594 1836 disputat:
608 1786 654 1834 „die
666 1785 746 1826 Strdme
758 1786 811 1824 drin-

67 1866 105 1904 gen
117 1854 265 1893 unaufhaltsam
276 1854 354 1902 hereiu,
373 1854 391 1892 d.
404 1854 417 1892 i.
435 1854 466 1892 die
477 1853 534 1892 Noth
551 1855 611 1904 steigt
627 1855 664 1893 auf
674 1855 710 1893 das
721 1854 823 1908 hdchste-

66 1921 114 1960 Man
125 1934 180 1961 muss
191 1921 235 1961 also
247 1922 284 1961 das
295 1922 425 1973 gebrauchte,
439 1934 461 1960 so
473 1922 541 1972 haufig
549 1922 756 1961 vorltommendeBild
768 1922 811 1960 rein

67 1990 99 2027 fiir
111 1990 153 2029 sich
169 1990 280 2038 auffassen,
297 1990 337 2028 und
352 1990 407 2029 nicht
424 1995 476 2029 etwa
494 1990 525 2028 die
538 1989 617 2030 Strbme
631 1990 760 2029 unmittelbar
776 1990 812 2027 mit

67 2057 105 2095 den
116 2057 206 2096 Feinden
217 2058 354 2108 rergleichen,
367 2058 432 2096 worin
445 2071 491 2096 man
502 2059 627 2108 gewdhnlich
639 2059 688 2106 irrt;
706 2059 758 2097 darm
771 2059 819 2097 wit?

66 2138 102 2163 ren
119 2126 151 2164 die
165 2125 233 2164 Thore
249 2139 299 2177 ganz
313 2126 449 2177 unpassend‘i
478 2125 634 2165 Commendatur
650 2128 700 2166 haec
715 2126 813 2166 sententia

67 2206 101 2241 eo,
115 2193 168 2244 quod
180 2194 257 2244 reliqua
269 2207 338 2233 versus
350 2196 411 2233 verba
429 2205 475 2237 aton
493 2191 569 2239 ’1311111
590 2196 616 2233 ad
632 2196 714 2234 eandem
730 2196 814 2233 redeunt

67 2261 226 2310 similitudinem,
244 2262 294 2299 nihil
306 2268 336 2300 est
347 2263 426 2311 tamen,
443 2264 491 2314 quin
504 2276 527 2301 ea
538 2268 630 2313 putemus
643 2264 740 2303 translate
752 2263 811 2310 dicta,

67 2330 136 2380 priora
155 2335 221 2369 autem
236 2330 327 2380 proprie,
344 2332 461 2381 praesertim
478 2343 522 2369 cum
538 2332 599 2370 animi
617 2332 725 2370 (bifluentis
745 2332 812 2382 imago

67 2398 121 2436 haud
132 2412 178 2437 raro
190 2398 306 2449 reperiatur.

104 2467 273 2517 Aequieseendum
285 2461 365 2518 ergo'in
376 2467 459 2518 proprio
471 2467 532 2518 primi
543 2468 627 2507 membri
639 2481 698 2522 sensu
711 2467 813 2507 existima-

68 2547 122 2572 mus:
138 2540 210 2584 portae
225 2535 292 2581 fluviis
307 2535 384 2574 Ninum
404 2536 529 2586 cingentibus
550 2537 662 2576 adiacentes
682 2542 743 2588 atque
761 2535 812 2573 adeo

68 2602 156 2640 munitae
167 2603 267 2652 maxime,
280 2604 305 2642 ab
317 2604 410 2643 hostibus
423 2605 543 2655 aperiuntur.
563 2605 623 2644 Prius
635 2618 682 2643 vero
696 2617 756 2656 quam
767 2617 813 2655 per-

69 2682 151 2721 gamus,
164 2677 234 2709 notare
246 2671 339 2710 debemus
351 2672 412 2711 LXX
424 2673 518 2711 exhibere
535 2665 608 2720 πύλας
622 2671 666 2711 τῶν
680 2667 776 2725 πόλεων,
792 2672 815 2710 id

69 2738 123 2790 quod
134 2738 234 2790 Hrrmorrp
244 2739 374 2789 explicationi
388 2741 454 2791 possit
470 2741 602 2792 patrocinari,
619 2741 658 2780 nisi
673 2741 725 2779 sorte
740 2739 814 2778 rectius

28 2834 30 2837 .
69 2806 163 2846 Tuci-tros
179 2807 193 2845 1.
205 2807 218 2846 1.
236 2821 255 2858 p.
269 2811 291 2846 bl
306 2813 347 2846 not.
365 2809 476 2859 scripturae
497 2809 635 2859 compendium
655 2810 707 2847 male
727 2808 814 2846 solutum

70 2876 145 2926 arguit,
168 2876 334 2927 quernadmodum
350 2876 471 2929 singularem
487 2877 581 2930 Syriacae
597 2878 694 2917 versionis
709 2877 814 2915 lectionem
