1889 3264
390 169 438 220 Can
449 180 479 227 ll,
492 194 510 219 v.
520 184 536 218 2.
805 177 835 221 bl

94 319 160 348 nurus
174 307 308 346 sufflationem
326 286 444 355 intelligeret
465 315 529 341 novae
549 303 602 343 vitae
618 304 697 343 Iudaeis
718 303 791 342 factam
812 303 837 339 ab

95 376 226 427 Assyriorum
242 375 323 413 interitu
330 373 342 411 ¹.
374 372 408 410 Ex
423 370 565 409 recentioribus
584 372 726 422 interpretibus
742 370 837 409 Gnnvrus

96 457 179 494 pravam
190 443 241 481 bane
256 442 361 479 lectionem
372 439 459 478 retinuit.
484 436 560 486 Quibus
575 439 615 477 iam
627 439 693 478 missis
711 451 837 490 quaeramus,

96 512 188 562 quisnam
204 513 311 559 consurgat
328 507 353 545 ad
370 506 532 556 dispergendum,
549 512 568 543 et
586 505 630 557 quis
646 507 789 556 dispergendus
806 506 837 544 sit.

95 580 123 616 Et
138 592 182 617 cum
197 576 304 616 secundum
320 573 456 612 antecedentia
471 573 533 611 rerba
544 573 674 623 Assyriorum
691 574 792 611 interitum
807 573 838 610 fu-

96 629 137 684 sius
158 644 277 694 descriptum
293 645 440 691 exspectemus,
459 640 556 691 Assyrios
573 654 586 678 a
601 640 665 679 Medis
686 647 705 679 et
719 640 837 691 Babyloniis

97 711 238 762 dispergendos
251 708 387 759 opinabimur3
405 709 440 747 sed
456 720 496 746 non
511 708 570 758 pauci
586 708 679 746 iudicium
694 708 839 758 suspenderunt

97 793 109 816 a
124 779 197 818 suffixo
212 773 306 826 maffia),
324 781 343 814 et
360 775 454 826 quoniam
468 775 489 813 in
504 788 537 813 w.
549 776 650 814 anteoedd.
667 775 783 814 femininum
798 774 839 812 fere

98 846 192 884 suffixum
203 843 287 881 refertur
299 843 326 881 ad
333 842 413 891 Iudam,
426 843 475 881 haec
487 855 567 893 quoque
578 834 646 881 eodem
659 843 758 893 pertinere
770 841 839 881 existi-

97 917 176 950 marunt
187 911 239 958 lom,
251 910 336 958 Rusca,
348 909 435 957 Kition,
449 911 536 957 Annua,
549 909 620 957 Mrem,
631 909 730 948 Honnmr.
752 911 781 947 At
791 921 838 947 vero

96 979 152 1017 illam
167 978 256 1028 regulam
272 989 312 1015 non
323 983 365 1015 tam
376 989 444 1015 severe
456 976 560 1015 observari
575 977 642 1026 ipsum
659 978 716 1016 docet
727 982 787 1027 caput
798 977 839 1026 pri-

98 1059 152 1084 mum
163 1046 208 1096 (cfr.
220 1058 239 1083 v.
249 1045 279 1095 ὅ),
292 1044 343 1083 etin
355 1056 414 1083 versu
425 1050 494 1083 nostro
507 1044 628 1083 masculinae
639 1045 752 1096 imperativi
763 1045 840 1083 formae

98 1121 216 1165 sequuntur3
237 1125 301 1163 neque
316 1118 357 1159 est,
378 1113 433 1162 qnod
448 1112 520 1160 Hrrn,
540 1112 595 1160 Eun,
617 1112 661 1150 iure
679 1112 839 1162 improbantibus

98 1180 177 1229 Urina,
189 1180 272 1228 arnna,
284 1179 407 1217 correxerint
421 1189 474 1238 ψῃ.
503 1179 546 1217 Iam
562 1179 596 1230 qui
607 1179 692 1219 Iudaeos
709 1179 839 1229 compenatos

98 1248 220 1297 intelligunt,
232 1247 408 1297 autAssyrium
420 1246 558 1285 ascendentem
569 1246 645 1284 faciunt
653 1247 752 1295 Varnen,
764 1247 839 1294 Boin,

98 1315 118 1353 id
130 1314 184 1366 quod
196 1314 298 1352 concinere
310 1314 378 1365 nequit
390 1317 496 1360 cumv.1;
509 1314 543 1351 alii
555 1313 798 1353 Nebuoadnenarem
810 1314 840 1352 vi-

99 1383 155 1430 dent,
168 1382 270 1429 Hmnom,
283 1383 371 1428 Annua,
384 1380 460 1428 Dens,
474 1380 547 1428 Ostra
560 1386 582 1419 at
594 1381 642 1431 quid
653 1381 840 1432 Hierosolymorum

99 1450 187 1497 eversio,
205 1449 240 1486 ubi
255 1449 279 1486 de
292 1448 418 1487 restituendis
433 1448 499 1498 agitur
509 1448 604 1487 Iudaeis?
626 1447 719 1500 Denique
733 1449 749 1486 I.
761 1448 789 1486 H.
801 1448 840 1486 Mr-

99 1527 186 1555 onnnnrs
202 1516 227 1554 de
239 1515 318 1554 Christo
337 1520 383 1554 ante
399 1516 470 1554 faciem
485 1516 547 1554 Indae
563 1516 605 1554 sive
616 1516 728 1563 Ecclesiae,
744 1521 840 1566 tanquam

99 1584 201 1623 adsertore
212 1595 236 1621 ac
247 1583 324 1621 vindice
336 1584 453 1622 ascendente
464 1582 556 1629 cavillat,
573 1582 618 1621 coll.
630 1583 690 1621 Mieh.
699 1583 731 1631 H,
744 1586 776 1630 13,
794 1581 840 1633 Sy-

99 1650 200 1689 riacam
211 1655 289 1689 secutus
306 1651 428 1698 versionem,
449 1663 500 1701 quae
515 1650 544 1688 sio
561 1650 603 1688 iere
619 1650 709 1688 exbibet:
730 1645 842 1698 ,ascendo

100 1719 170 1756 ductor
181 1712 293 1771 (la-5299)
306 1723 351 1756 ante
363 1723 392 1765 te,
405 1722 425 1755 et
436 1717 564 1755 excubiarum
577 1717 692 1765 excubitor,
710 1723 730 1756 et
740 1717 785 1756 viae
797 1729 842 1767 spe-

101 1786 187 1833 culator,
203 1790 223 1823 et
234 1775 356 1824 sustentator
372 1785 494 1832 lumborum,
511 1790 530 1823 et
541 1784 686 1823 validissimum
698 1784 759 1822 robur
771 1784 841 1831 eius;“

100 1866 168 1891 verum
185 1853 284 1891 enimvero
299 1849 382 1904 ababa)
397 1852 457 1890 habet
471 1851 589 1902 plerumque
608 1852 680 1891 hostile
697 1852 785 1903 aliquid,
807 1852 842 1890 cir.

101 1919 179 1960 Gnsnn.
192 1921 242 1959 thes.
254 1932 274 1969 p.
285 1922 338 1966 1028,
352 1932 388 1957 nec
399 1919 457 1958 unius
468 1919 508 1957 loci
520 1919 632 1969 excipiendi
644 1919 696 1958 Gen.
705 1919 800 1967 XXXII,
813 1922 841 1957 21.

101 1990 123 2025 ‘22
135 1993 212 2026 tantum
223 1987 300 2038 pondus
313 1992 353 2034 est;
364 1992 387 2024 ut
398 1987 523 2034 omittamus,
536 1986 621 2025 Messiae
633 1987 753 2036 cogitatione
765 1992 843 2025 senten-

102 2055 174 2093 tiarum
194 2055 284 2093 ordinem
299 2066 420 2104 magnopere
436 2054 518 2093 turbari.
537 2077 562 2082 υ
584 2054 718 2092 Referendum
735 2066 782 2105 ergo
803 2054 844 2093 suf-

101 2123 164 2160 fixum
175 2123 201 2160 ad
212 2121 287 2160 Ninum
299 2122 446 2170 existimamus,
459 2127 479 2160 et
489 2122 613 2173 imperativis
626 2135 682 2173 seqq.
695 2122 794 2172 appellari
805 2123 845 2160 As-

102 2190 188 2240 syrium,
204 2190 344 2239 dissipatorem
355 2197 421 2227 autem
433 2202 476 2228 esse
487 2202 523 2228 nec
534 2190 604 2228 Medos
620 2189 675 2229 solos
687 2190 719 2227 vel
731 2188 845 2240 Gyaxarem

102 2257 174 2307 (Piso,
183 2256 300 2307 Gnatiae),
313 2270 349 2295 neo
356 2255 467 2295 Chaldaeos
479 2257 534 2296 solos
546 2257 579 2295 vel
587 2256 773 2308 Nabopolassarem
783 2256 845 2307 (Onn—

103 2327 171 2376 11131),
185 2325 219 2363 sed
230 2329 326 2375 utrosque
338 2337 377 2362 una
388 2337 475 2375 persona
487 2324 646 2374 comprehensos.

138 2392 197 2431 Prius
211 2405 259 2430 vero
271 2404 331 2443 quam
342 2393 410 2431 hostes
423 2392 559 2443 aggredientes
572 2390 681 2439 describat,
695 2391 766 2430 acerbe
776 2390 847 2428 irridet

105 2465 161 2499 vates
169 2460 273 2510 Assyrios,
286 2473 310 2498 ne
319 2459 404 2498 nominis
416 2460 447 2499 sui
457 2460 621 2498 obliviscerentur
633 2459 724 2511 gloriam,
738 2458 773 2497 sed
784 2459 848 2508 probe

104 2540 148 2566 sese
159 2527 285 2578 accingerent
295 2533 356 2579 atque
366 2527 445 2566 fortiter
456 2527 587 2566 defenderent.
605 2527 630 2565 ld
640 2527 695 2577 quod
706 2531 801 2577 quattuor
813 2526 848 2563 ab-

105 2595 189 2634 solvitur
200 2595 293 2635 numeris.
320 2604 369 2639 att-ta
385 2595 475 2646 plerique
486 2595 530 2633 intt.
542 2596 593 2634 bene
605 2599 717 2634 statuerunt
730 2606 774 2633 esse
785 2593 848 2641 infin,

140 2768 156 2808 1)
168 2769 273 2802 Aueusnrns
286 2769 308 2801 de
320 2770 388 2802 civitate
399 2770 434 2803 Dei
445 2769 519 2810 XVIII,
532 2769 559 2801 31.
585 2767 638 2810 „Quis
654 2768 770 2810 ascenderit,“
788 2770 850 2811 inquit,

107 2824 138 2865 „ab
151 2824 220 2865 inieris,
233 2829 250 2857 et
261 2825 374 2858 insufflaverit
385 2827 403 2858 in
415 2827 477 2860 faciem
489 2825 553 2867 Iudae,
565 2825 598 2858 boc
609 2828 645 2866 est,
660 2825 765 2859 Iudaeorum
778 2825 851 2869 discipu-

106 2881 162 2913 lorum
174 2879 258 2923 Spiritum
270 2886 355 2922 sanctum,
368 2883 441 2924 recolat,
453 2884 482 2925 qni
495 2883 572 2915 meminit
583 2881 714 2924 Evangelium.“

641 2948 651 2954 ,
689 2938 716 2969 4*
