1889 3264
371 155 419 195 Car.
429 157 448 203 l,
462 170 479 194 r.
492 160 518 194 ld.
787 149 817 195 33

76 281 199 332 aliorumque
215 282 240 319 ad
257 282 294 320 boe
305 281 383 320 utilium
395 281 474 331 copiam
489 279 649 319 subministraret
657 279 669 317 ¹.
693 279 746 318 Toto
758 278 820 329 igitur

76 348 164 387 exercitu
181 349 277 389 conviviis
293 350 418 400 indulgente,
436 348 517 395 Medos,
534 361 569 399 per·
586 348 699 398 transfugas
717 348 741 385 de
758 347 818 397 negli-

76 416 142 466 gentia
162 423 182 456 et
199 419 294 456 ebrietate
310 417 397 455 bostium
415 416 506 463 edoctos,
527 421 588 453 noctu
606 428 632 452 ex
646 415 757 465 improriso
773 415 820 453 illos

76 486 213 534 oppressisse,
234 491 295 536 atque
310 484 339 522 ita
360 488 408 533 post
424 483 483 521 trium
499 495 597 521 annornm
612 482 736 521 obsidionem
752 483 820 521 urbem

76 565 205 603 expugnasse
217 559 236 591 et
249 552 292 591 solo
305 564 408 602 aequasse.
429 551 507 600 Quibus
520 550 537 589 si
548 550 640 589 habenda
651 550 700 589 fides
712 556 753 598 est,
768 551 820 589 vatis

76 621 140 659 verba
151 622 250 659 translato
263 632 323 658 sensu
334 619 437 659 enuntiata
448 619 474 657 ad
485 619 564 657 literam
576 623 675 668 apparent
686 618 782 656 confecta.

112 688 157 736 Quo
169 688 231 738 igitur
243 687 352 726 securiores
365 692 411 726 sunt
423 693 442 725 et
453 687 591 737 superbiores,
604 698 627 723 eo
637 685 762 724 debellantur
772 686 821 724 faci-

77 756 125 803 lins,
147 755 168 793 id
184 756 238 806 quod
256 755 343 806 imagine
357 755 440 805 rapidae
459 754 602 794 combustionis
623 754 737 804 exponitur.
773 753 820 791 Cha-

77 825 133 860 santti
147 829 191 860 saort
203 820 267 872 (abner
281 828 345 873 praet.
355 824 437 873 proph,
447 823 472 861 ad
485 823 595 860 notandam
603 821 748 860 vehementiam
755 822 822 859 forma

77 890 130 929 Pual
150 892 282 943 expressum)
298 892 348 929 celat
367 891 438 940 stipula
454 890 522 936 aritia,
544 890 579 928 cfr.
591 888 665 937 IesV,
681 892 713 936 243
734 889 820 937 XLVII,

79 961 111 1005 143
127 957 169 996 Ioel
181 958 212 1007 II,
229 960 251 1006 53
268 957 341 997 Obadi.
354 971 373 996 r.
386 960 407 996 lS
422 957 477 1007 (coll.
490 956 630 997 Scnnunnsno
643 971 661 995 a.
674 956 741 1008 h.1.);
762 955 821 996 Sacb.

77 1026 130 1073 XII,
143 1029 163 1073 G,
182 1039 223 1078 qua
234 1031 254 1063 et
264 1026 332 1065 vilitas
348 1038 417 1064 eorum
433 1025 577 1064 contemnenda
589 1025 722 1075 significatur,
738 1025 773 1063 cir.
786 1025 821 1064 Ps.

78 1094 124 1142 1,4
137 1093 180 1141 all,
197 1100 217 1133 et
234 1094 365 1144 amplificatur
376 1093 478 1144 spinarum
495 1093 614 1141 similitudo,
630 1092 702 1143 quibus
717 1093 822 1143 proprium

77 1161 118 1200 iam
129 1161 179 1212 ipsis
191 1167 230 1210 est,
244 1162 298 1212 quod
309 1161 398 1200 celeriter
409 1162 455 1212 Igne
467 1169 614 1201 consumuntur.
631 1161 743 1199 Absolutae
755 1168 821 1199 autem

77 1229 218 1269 internecionis
233 1230 300 1281 imago
320 1235 403 1281 augetur
418 1231 478 1268 etiam
494 1234 583 1267 extremo
600 1241 668 1267 sersus
683 1229 745 1267 verbo
763 1225 821 1275 aba),

79 1297 133 1348 quod
148 1310 185 1347 pro
202 1297 297 1337 adverbio
314 1297 425 1348 accepimus
441 1298 508 1348 plene,
529 1297 594 1347 plenis
610 1296 696 1344 acerris,
712 1296 821 1344 turmatim,

79 1377 123 1402 oum
137 1365 195 1412 Ion,
211 1363 312 1413 Sensum,
332 1364 348 1403 1.
361 1365 389 1403 H.
402 1365 476 1412 Mrem,
494 1363 572 1403 enses.
589 1365 649 1412 thes,
670 1364 739 1402 lirion.
755 1364 785 1402 ita
800 1370 822 1402 ut

78 1433 206 1482 respondeat,
215 1432 362 1483 quodammodo
378 1446 397 1471 r.
410 1442 480 1473 niara.
510 1432 553 1470 Alii
567 1431 617 1470 nihil
633 1431 737 1482 designare
751 1444 821 1471 rocem

78 1505 159 1550 putant,
176 1513 247 1551 quam:
258 1500 355 1550 perfecte,
367 1501 456 1551 penitus,
469 1499 583 1548 Fnamnrfl,
595 1499 667 1546 Hrrz.;
683 1513 762 1548 verum,
775 1501 822 1551 quia

78 1567 161 1619 reliquis
173 1581 242 1607 versus
255 1568 357 1607 sententiis
369 1569 418 1607 satis
429 1569 470 1606 iam
482 1568 615 1619 significatum
626 1567 715 1615 ridetur,
731 1568 822 1607 funditus

79 1635 123 1673 tolli
134 1635 242 1685 Assyrios,
259 1635 321 1674 satius
336 1636 441 1684 habemus,
460 1637 479 1674 h.
491 1649 510 1673 r.
523 1634 678 1686 magnitudinem
694 1640 713 1673 et
724 1636 822 1674 universi-

78 1708 140 1741 tatem
152 1703 224 1741 exeidii
235 1703 327 1753 exprmu'.
350 1703 464 1742 Reseranda
475 1708 541 1741 autem
553 1702 642 1741 adverbii
657 1703 709 1741 ratio
722 1703 748 1741 ad
759 1709 823 1741 totam

79 1770 235 1809 enuntiationem
246 1770 335 1819 ridetur,
353 1785 417 1823 neque
432 1772 458 1810 ad
475 1771 539 1810 solam
554 1771 667 1809 ariditatem
678 1772 823 1822 restringenda,

79 1838 109 1876 uti
125 1843 243 1877 censuerunt
254 1839 343 1877 ludaei
356 1840 446 1891 plerique
458 1840 506 1890 (cfr.
519 1838 614 1877 rrimus.
627 1851 647 1888 p.
657 1839 702 1890 20),
718 1850 746 1877 ns
758 1839 823 1887 Dran,

79 1906 136 1955 Ena,
151 1905 220 1944 Unan.
250 1905 304 1946 Satis
318 1907 413 1957 impedite
427 1907 526 1946 Homeri.
544 1906 604 1944 vertit
620 1906 676 1954 „roll
693 1906 786 1955 Maass“,
805 1912 824 1945 et

79 1987 149 2013 rocem
160 1973 280 2024 respondere
292 1988 311 2013 v.
321 1984 384 2013 nasae
394 1984 465 2014 tranen
478 1980 591 2022 asseverat,
609 1973 666 2012 sicuti
682 1974 756 2025 stipula
768 1974 825 2013 arida

80 2042 185 2081 referenda
196 2042 222 2080 ad
238 2042 307 2092 spinas
320 2047 377 2081 esset.
391 2065 415 2070 —
436 2042 465 2081 At
476 2055 517 2080 non
529 2042 641 2089 defuerunt,
660 2042 694 2093 qui
706 2042 825 2082 adiectivum

81 2122 125 2149 esse
137 2115 238 2148 censerent
253 2107 307 2163 stra,
318 2110 371 2160 iique
383 2109 500 2162 plerumque
510 2110 621 2151 retulerunt
629 2110 655 2148 ad
664 2110 770 2161 stipulam,
782 2117 826 2149 tan-

81 2190 142 2228 quam
150 2178 240 2227 plenam,
254 2191 320 2229 „qnae
328 2178 357 2216 sic
365 2178 391 2216 ad
400 2178 534 2217 maturitatem
543 2191 598 2217 suam
606 2178 707 2228 persenit,
719 2185 741 2217 ut
750 2180 825 2218 fructus

80 2246 224 2295 plenitudinem
236 2247 300 2284 adhue
310 2246 383 2284 lrabeat
398 2246 419 2284 in
435 2259 456 2285 se
472 2259 518 2285 cum
530 2259 570 2297 quo
583 2246 638 2284 omni
653 2246 712 2285 simul
722 2260 759 2297 per
770 2248 826 2285 ilam-

81 2326 134 2352 mam
147 2319 275 2353 consumatur
280 2316 300 2363 ,“
312 2313 405 2362 blancis,
424 2314 467 2353 sim.
480 2314 626 2363 Trrnooonrr,
639 2314 725 2363 Bassi-n,
738 2315 825 2362 innon,

118 2514 134 2555 1)
147 2513 241 2547 Honestius
253 2515 480 2558 eiusmodi‘compotationis
492 2516 550 2557 regiae
562 2516 630 2549 initium
645 2516 747 2559 proponitur
762 2516 780 2547 in
792 2525 827 2547 nro-

82 2575 202 2603 nurnentorum
215 2572 277 2605 tabulis
288 2572 325 2614 (cfr.
335 2571 393 2605 Borra
401 2573 412 2605 l.
421 2573 432 2605 l.
441 2573 463 2615 pl.
471 2574 499 2613 76,
507 2572 573 2606 Bononr
580 2574 593 2606 l.
601 2574 613 2605 l.
624 2583 640 2616 p.
648 2574 680 2606 ist
689 2583 718 2613 ss,
731 2572 788 2605 Gossn
797 2573 808 2605 l.
817 2573 828 2605 l.

83 2628 141 2670 naor
149 2626 188 2667 ss),
204 2628 234 2660 uhi
245 2630 332 2662 eunuchos
344 2630 415 2673 largiter
427 2630 526 2663 haurientes
538 2635 555 2663 et
570 2630 661 2663 afferentes
674 2629 735 2671 pocula
747 2630 829 2671 conspici-

83 2697 129 2726 mus,
141 2686 217 2727 hospites
229 2690 286 2718 autem
298 2687 321 2720 ad
333 2687 401 2720 tabulas
413 2687 493 2720 sedentes
505 2688 572 2730 sibique
583 2688 657 2719 invicem
669 2687 786 2728 propinantes.

118 2755 135 2795 2)
146 2754 187 2788 Non
199 2758 263 2787 temere
278 2756 297 2787 in
312 2757 458 2798 comparationem
471 2761 520 2790 vocat
532 2756 593 2789 Ierem.
602 2755 634 2796 III,
647 2755 667 2797 ὃς
683 2756 730 2796 XII,
742 2755 761 2796 63
780 2755 830 2787 sicuti

84 2813 165 2845 obsera-at
177 2811 298 2845 Seumrnnsrus
310 2814 388 2846 Arabum
400 2813 468 2847 dicendi
481 2824 534 2863 genus
549 2802 589 2863 bb,
601 2804 656 2856 du>
667 2813 708 2846 feeit
720 2817 737 2845 ot
748 2812 830 2854 implerit,

84 2871 95 2902 i.
105 2880 119 2902 e.
134 2875 212 2903 accurate
223 2870 269 2902 fecit.

684 2928 694 2959 3
