1889 3264
155 157 169 183 x
396 148 559 186 Puouncounua.
576 147 625 186 Gar.
637 149 653 186 Ι.

155 270 266 317 dicebatur,
284 269 364 319 regione
380 270 436 309 sedes
455 284 522 309 eorum
540 271 656 310 distributas
672 270 745 319 fuisse,
766 275 897 324 comprobare

156 342 238 375 conatus
250 342 291 384 est,
308 343 368 387 atque
384 338 434 376 adeo
452 339 493 376 veri
508 339 567 377 etiam
584 339 667 378 similius
684 338 757 387 videri,
776 347 797 379 ut
808 341 897 380 Nahumi

155 404 221 454 patria
232 404 292 442 fuerit
303 404 394 444 Alkosch
406 406 456 443 illud
468 407 520 455 apud
532 406 634 457 Tigridem
647 406 711 445 situm.
730 407 760 444 At
772 421 819 446 vero
832 410 897 448 omnis

154 472 204 510 haec
218 472 242 510 de
254 472 324 510 exsilio
337 473 404 511 decem
416 474 502 511 tribuum
515 474 606 524 quaestio
618 475 640 513 in
654 479 694 512 tam
706 473 783 512 lubrico
795 480 856 526 atque
867 477 897 514 in-

156 540 223 578 stabili
235 545 326 578 versatur
337 541 393 588 loco,
410 541 445 579 vix
461 546 483 578 ut
495 541 604 592 quidquam
620 542 666 580 inde
678 541 768 579 concludi
780 548 841 592 atque
853 544 897 581 elici

156 620 216 657 posse
227 607 323 646 vu'dea-tur.

189 675 210 726 4)
225 674 277 712 Tum
292 687 340 712 vero
355 688 413 713 nemo
428 688 513 726 usquam
529 675 615 713 traditur
629 677 728 727 propheta
742 677 763 715 in
779 677 845 715 decem
862 677 896 715 tri-

156 743 217 780 buum
229 742 300 780 exsilio
311 742 374 780 fuisse
385 749 485 789 versatum
503 742 591 781 Nahumi
603 743 664 793 igitur
675 744 753 782 unicum
766 750 785 783 et
797 744 897 794 singulare

157 817 209 848 esset
221 809 332 860 exemplam
350 810 404 860 quod
419 810 513 861 quoniam
525 810 618 849 universo
630 812 777 861 reprobationis
789 812 860 860 statui,
876 812 897 849 in

158 890 198 927 quo
207 877 312 915 israelitae
321 877 402 916 fuerunt
410 878 519 926 constituti,
526 878 562 916 vix
573 878 639 928 possit
650 879 754 928 adaptari,
767 878 784 918 si
796 879 896 917 nihilomi-

157 957 194 983 nus
206 950 258 982 esset
273 945 418 994 accipiendum,
436 951 467 983 sat
483 946 555 983 validis
572 951 632 996 atque
648 947 760 985 efficacibus
777 947 897 996 argumentis

158 1012 329 1050 commendaretur
341 1018 426 1062 oportet.
440 1014 470 1051 At
482 1013 499 1051 si
513 1013 602 1051 Nahumi
617 1014 760 1063 perlustramur
776 1014 897 1062 vaticinium,

158 1079 227 1116 mirari
242 1079 310 1117 statim
328 1079 391 1127 subit,
409 1080 463 1130 quod
481 1080 535 1118 nullo
553 1081 642 1130 tangitur
658 1081 730 1129 verbo,
746 1081 785 1131 ipsi
801 1081 843 1119 vati
857 1093 898 1118 nou

157 1146 233 1193 minus,
252 1159 312 1196 quam
328 1146 419 1185 omnibus
434 1147 481 1195 illis,
494 1147 529 1197 qui
540 1147 561 1184 in
572 1147 607 1185 illa
618 1147 669 1185 Nini
685 1148 786 1186 vicinitate
802 1148 897 1195 viverent,

158 1226 255 1252 summum
271 1215 346 1252 instare
361 1214 470 1263 periculum
486 1215 511 1252 ab
527 1214 629 1263 hostibus,
650 1215 685 1265 qui
700 1229 712 1253 a
729 1215 864 1266 septentrione
880 1221 899 1253 et

159 1281 234 1319 oriente
246 1281 340 1319 accedere
352 1282 455 1319 debebant.
472 1282 506 1320 cfr.
519 1295 580 1331 supra
591 1282 649 1330 adl,
661 1286 678 1319 4.

193 1350 213 1399 5)
230 1347 266 1386 Cui
279 1354 395 1398 argumento
407 1362 447 1387 non
460 1350 544 1387 multum
559 1350 699 1397 tribueremus,
716 1349 734 1388 si
749 1349 798 1399 ipsis
810 1349 898 1387 Nahumi

158 1415 224 1454 verbis
242 1415 300 1454 aliter
316 1417 436 1454 doceremur.
460 1416 587 1455 Oontendunt
603 1417 654 1455 enim
670 1417 727 1455 huius
743 1417 852 1455 sententiae
863 1430 899 1466 pa-

159 1483 222 1530 troni,
240 1483 332 1521 subtilem
342 1483 431 1521 locorum
444 1484 576 1534 cognitionem
588 1498 601 1522 a
612 1490 658 1523 vate
669 1484 761 1534 probari,
778 1490 797 1522 et
813 1484 899 1534 singula-

158 1563 200 1587 rem
216 1550 336 1599 reipublicae
352 1551 483 1601 Assyriorum
504 1557 523 1589 et
537 1565 603 1589 rerum
619 1557 720 1602 gestarum
737 1564 854 1602 morumque
869 1551 900 1588 in-

159 1630 219 1667 super
231 1617 279 1656 satis
292 1623 404 1656 accuratam
416 1618 514 1668 peritiam.
536 1618 593 1667 Quae
608 1619 718 1658 cuiusmodi
734 1619 783 1666 sint,
800 1618 900 1656 examine-

159 1697 209 1723 mus.
235 1684 336 1723 Laudavit
355 1685 450 1724 Tucurus
470 1686 506 1724 l.l.
526 1699 546 1736 p.
556 1690 577 1725 tt
597 1699 678 1736 campos
699 1686 751 1724 eirea
771 1687 840 1724 urbem
859 1686 899 1724 late

159 1757 250 1801 patentes
263 1758 428 1791 commemoratos
440 1752 470 1800 H,
483 1763 502 1790 v.
512 1755 523 1790 5
535 1753 587 1802 (luto
602 1754 699 1804 ni's'umss
712 1765 752 1803 quo
764 1758 830 1790 tamen
838 1754 899 1791 verbo

159 1831 200 1856 non
211 1831 292 1869 campos
304 1824 396 1869 apertos,
409 1820 444 1858 sed
455 1820 532 1869 plateas
545 1819 634 1859 suburbii
645 1820 729 1858 indicari
739 1820 868 1869 probavimus
879 1820 900 1858 in

160 1899 229 1925 comm.
241 1900 261 1937 p.
272 1890 304 1934 623
317 1887 387 1924 deiude
400 1887 564 1938 „propugnacula
575 1887 615 1935 IH,
629 1890 650 1924 12
663 1892 682 1925 et
693 1892 757 1926 turres
766 1886 796 1935 II,
809 1890 834 1924 2“
846 1888 900 1925 haud

160 1966 216 1992 secus
232 1955 258 1992 ad
273 1954 457 2004 interpretationem
473 1967 512 1993 non
527 1955 590 2005 probe
604 1954 716 1993 institutam
733 1955 836 1993 referenda
848 1960 900 2001 sunt,

159 2021 188 2059 uti
200 2035 218 2060 a.
230 2022 262 2059 hh.
274 2021 295 2060 ll.
308 2022 434 2069 ostendetur3
452 2023 587 2060 aedificiorum
598 2022 682 2060 materia
693 2022 734 2070 HI,
748 2025 770 2060 14
785 2034 826 2059 non
841 2035 900 2071 pecu-

159 2089 229 2127 liarem
241 2102 285 2128 esse
296 2089 388 2140 Assyriis
400 2090 520 2137 videbimus3
536 2095 578 2128 tum
590 2102 637 2127 vero
649 2089 713 2139 portis
726 2090 751 2128 ad
762 2089 844 2127 fluvium
856 2089 900 2128 sitis

159 2156 215 2204 ΠΛ
231 2157 365 2207 potentissimi
380 2158 436 2207 regui
451 2163 511 2207 caput
525 2157 622 2195 munitum
639 2169 692 2205 esse,
709 2163 744 2195 aut
760 2157 860 2196 audivisse
875 2158 900 2195 ab

158 2224 209 2274 ipsis
221 2224 312 2275 Assyriis
326 2224 392 2274 potuit
403 2224 496 2273 Nahum,
514 2225 549 2276 qui
565 2224 624 2263 toties
636 2224 772 2264 Palaestinam
782 2237 900 2275 peragrave-
916 2212 917 2216 Ἰ

160 2297 214 2340 rant,
233 2297 268 2330 aut
279 2292 414 2330 concludendo
431 2293 490 2331 etiam
502 2292 565 2331 valuit
577 2292 683 2340 coniicere,
700 2305 744 2330 cum
760 2292 786 2329 ad
799 2291 901 2342 Tigridem

159 2360 248 2409 positum
263 2372 307 2398 esse
323 2365 429 2398 constaret.
454 2360 519 2398 Porro
538 2360 592 2411 quod
607 2360 703 2398 Tucurus
719 2359 814 2397 delicatos
830 2359 901 2397 civium

159 2439 225 2465 mores
242 2427 300 2465 affert
318 2427 449 2476 reprehensos
465 2427 497 2475 Π,
511 2431 526 2465 c
543 2427 633 2475 111,13‚
655 2427 728 2465 nullius
748 2440 791 2465 esse
807 2427 902 2465 momenti

159 2495 263 2542 concedet,
283 2495 317 2545 qui
334 2495 438 2545 diligenter
453 2495 491 2533 hos
505 2495 561 2533 locos
578 2495 693 2534 excusserit.
716 2495 821 2533 Postremo
842 2508 901 2546 quam

159 2575 224 2600 rerum
237 2564 262 2601 ab
271 2563 364 2613 Assyriis
376 2570 476 2612 gestarum
488 2568 590 2602 asseverat
602 2562 734 2613 cognitionem
746 2562 834 2613 conspici
846 2563 862 2610 I,
874 2566 901 2610 11,

160 2643 183 2667 ea
200 2631 230 2668 vel
247 2630 384 2669 tenuissimam
401 2631 534 2681 cuiuscunque
549 2630 617 2668 Iudaei
633 2631 748 2669 memoriam
760 2631 796 2669 vix
809 2636 902 2681 poterant

160 2698 256 2747 cffugere3
272 2711 308 2736 nec
323 2699 388 2737 minus
400 2699 457 2736 futile
469 2704 509 2746 est,
527 2698 581 2749 quod
593 2711 617 2736 er
631 2699 714 2748 perfidia
729 2699 793 2750 gentis
804 2698 848 2745 ΠΙ,
860 2701 871 2735 4
883 2702 903 2735 et

160 2770 291 2803 mercatorum
300 2766 425 2805 multitudine
434 2767 474 2814 III,
485 2770 505 2804 rt
518 2766 638 2816 reipublicae
650 2771 723 2805 statim]
733 2766 844 2805 accuratius
857 2778 901 2814 per-

160 2832 253 2882 spectum
266 2834 354 2873 coniecit.
370 2858 392 2863 —
413 2837 441 2873 At
456 2835 563 2874 verendum
580 2835 629 2874 mihi
645 2836 733 2882 ridetur,
749 2847 774 2871 ue
792 2847 801 2870 e
819 2833 901 2871 mirifico
