1889 3264
375 168 424 207 cin».
434 169 475 216 ru,
489 183 507 207 v.
519 173 534 206 r.
792 164 822 210 89

80 301 95 337 'u
112 307 147 337 uu)
158 296 229 335 Ezech.
242 293 321 343 XXIV,
334 294 353 344 9)
369 294 413 342 ipse
429 293 526 331 eiusmodi
544 293 613 331 titulus
626 298 700 331 certum
712 293 733 330 In
746 305 767 330 se
779 305 824 330 san-

81 364 207 417 guinolentae
218 362 354 402 retributionis
367 361 418 412 gerit
428 361 519 398 indicem.

114 432 174 471 Prius
185 444 232 471 vero
246 443 306 481 quam
318 430 395 468 eveniat
406 441 482 478 poena,
498 428 542 466 dira
553 427 603 466 Nini
618 428 695 478 flagitia
713 429 777 466 tribus
789 427 824 466 iis-

38 495 39 498 *
82 514 120 552 que
131 512 239 551 progressu
252 498 339 548 quodam
351 496 460 535 coniunctiS
475 502 615 546 proponuntur
630 496 751 534 nominibus.
781 496 825 534 Pri-

82 582 135 607 mum
147 568 280 617 exprobratur
295 575 350 616 tana,
362 564 454 612 fallacia,
466 564 502 602 cfr.
514 564 566 602 Hos.
578 563 614 611 IV,
627 566 644 601 2.
657 564 689 612 X,
703 567 730 601 13.
742 563 794 612 XII,
808 568 825 611 l,

83 636 145 688 „quia
156 633 213 673 vanis
225 632 403 683 pollicitationibus
421 632 492 670 auxilii
510 638 529 670 et
545 630 676 682 protectionis
692 636 761 682 gentes
774 631 826 669 deci-

82 704 174 754 piebat,“
191 702 282 748 ΑΠΠΠΠ.,
299 700 327 738 nti
344 706 438 751 expertus
451 706 481 738 est
492 700 556 739 Ahas.
573 698 658 750 Regitur
670 712 711 738 vox
724 714 742 738 v.
758 696 825 746 nubta,

82 784 128 809 nam
140 771 159 809 'b
175 770 192 807 'a
207 769 242 806 vix
259 769 309 806 adeo
325 774 392 818 potest
408 768 519 807 abscissum
533 774 586 806 stare
598 779 622 805 ac
633 767 677 805 vult
692 767 827 806 ΗΠεεΠΠΠΠΠ-

83 849 139 885 crus,
153 837 188 887 qui
199 836 269 874 vertit:
282 841 339 883 „tota
351 842 381 876 est
389 836 445 875 fraus
451 839 475 883 ;“
488 848 552 886 neque
561 847 608 873 vero
618 845 646 872 ΠΕ
653 835 754 875 Wnsrrus
763 835 826 886 probe

84 910 178 955 quattuor
190 918 221 942 vv.
234 904 303 954 priora
320 905 340 942 'b
355 904 373 942 'a
387 905 406 944 ¹2
422 904 440 943 'a
457 903 518 941 refert
529 903 555 941 ad
567 913 623 941 mum,
635 894 779 949 'Actude'tmg
796 915 827 941 sc-

84 973 151 1023 quitur
163 982 214 1022 pum
230 970 281 1010 Gen.
294 971 367 1020 XXII,
383 974 417 1018 403
434 971 468 1010 Ps.
481 971 531 1019 VII,
548 973 576 1017 ἃς
591 970 627 1008 En.
650 969 714 1017 XIX,
734 972 755 1007 12
771 970 828 1009 verbi

84 1040 139 1079 notio
152 1044 182 1078 est
193 1039 307 1089 rumpendi,
325 1039 439 1089 frangendi,
457 1052 509 1090 quae
524 1038 634 1077 eommunis
651 1043 682 1076 est
692 1037 794 1077 radicibus
806 1038 827 1075 in

84 1119 156 1158 —rag
169 1106 286 1146 exeuntibus
303 1106 351 1156 (aun
370 1099 465 1160 ῥήγνυμι
480 1107 535 1160 all.);
555 1118 627 1144 nomen
647 1106 705 1143 unice
724 1105 828 1156 praeterea

85 1175 159 1226 legitur
171 1174 244 1213 Obadi.
257 1188 276 1213 v.
286 1178 318 1223 14,
331 1174 365 1213 ubi
377 1174 433 1213 audit
444 1175 529 1223 bivium,
546 1174 599 1225 qnod
612 1186 656 1211 cum
672 1173 761 1223 accipere
772 1174 828 1212 nullo

84 1244 144 1281 modo
156 1243 266 1292 possimus,
282 1242 329 1281 licet
339 1243 419 1281 Iudaeis
435 1242 477 1281 fere
488 1243 553 1281 visum
569 1242 606 1289 sit,
623 1240 738 1280 violentiam
755 1241 828 1280 intelli-

84 1311 149 1360 gimus
161 1310 269 1349 secundum
281 1310 391 1349 stabilitum
403 1310 459 1348 verbi
470 1323 535 1349 usum.
556 1309 617 1347 LXX
629 1322 670 1347 ΠοΠ
682 1315 773 1348 accurate
784 1310 829 1348 red*

85 1378 188 1416 diderunt:
204 1370 293 1424 ἀδικίας
308 1369 408 1431 Πλήρης;
421 1379 497 1429 Aquila
509 1370 676 1428 ἐξουχθοισμός.
689 1376 781 1416 Hrnnon.
794 1390 829 1415 ex-

85 1446 203 1494 cervicati03
220 1444 287 1485 Srnnr.
305 1436 432 1496 ἀποτομία.
465 1442 522 1487 aeta
546 1445 581 1483 cfr.
593 1444 624 1494 H,
642 1449 669 1484 13.
683 1448 716 1492 lt,
737 1446 768 1484 eui
784 1445 829 1484 voci

85 1514 197 1553 distinctius
208 1514 316 1563 respondet
339 1524 388 1552 mm*
402 1509 440 1563 sb,
452 1515 473 1552 id
486 1514 539 1565 quod
551 1512 619 1562 Pisc,
636 1513 692 1561 lun,
709 1513 829 1561 Tar-ninam,

86 1581 164 1620 (tasin.
181 1583 231 1621 thes.
247 1581 328 1629 illlum,
345 1581 413 1629 Uunn.
430 1584 598 1633 interpretantur:
616 1594 657 1619 non
674 1582 758 1619 remittit
775 1581 829 1632 rapi

85 1663 141 1696 nam3
163 1663 231 1688 verum
252 1649 300 1688 satis
320 1650 391 1687 durum
409 1656 461 1689 esset
476 1650 558 1689 mascul.
575 1649 659 1700 vestigia
674 1662 767 1700 premens
782 1650 829 1687 feni.

86 1714 153 1767 asto,
170 1723 199 1766 et,
218 1717 271 1769 quod
288 1717 320 1755 vel
335 1718 446 1756 maximum
462 1723 502 1766 est,
523 1728 566 1762 tuto
585 1717 659 1768 ubique
675 1718 759 1757 sumitur
771 1730 830 1756 sensu

85 1785 211 1824 intransitiro
223 1790 302 1835 praeter
314 1784 372 1825 Sach.
384 1786 426 1833 HI,
439 1789 448 1824 9
466 1796 522 1836 'pinu
539 1795 581 1836 tatu
595 1795 634 1824 ’nrt
650 1795 717 1831 ἸΠῖῖό,
739 1798 830 1835 praeser-

86 1854 121 1891 tim
133 1854 179 1892 inf.
192 1853 262 1903 Hiphil
273 1853 349 1891 nullum
361 1859 391 1892 est
402 1854 525 1904 exemplum,
544 1853 598 1904 qued
614 1853 729 1891 removendi
741 1859 830 1904 potesta-

86 1927 125 1959 tem
136 1921 223 1972 flagitet,
235 1934 282 1959 nam
293 1921 352 1960 Miclr.
365 1922 397 1970 II,
409 1924 420 1960 3
432 1935 473 1960 non
484 1921 601 1960 vertendum
613 1925 653 1959 est:
671 1921 738 1968 „unde
749 1922 831 1959 reduee-

86 1990 112 2028 tis
126 1990 177 2028 colla
192 1991 285 2036 vestra,“
301 1989 341 2027 imo
357 1990 423 2038 „nude
438 2003 478 2028 ΠοΠ
495 1988 590 2027 recedetis
607 1988 671 2026 collis
688 1989 767 2028 vestris
785 1989 830 2040 (cf.

86 2058 129 2096 Ea:
143 2058 160 2108 ξ
168 2059 211 2104 281,
225 2058 251 2108 c),
264 2056 309 2098 coll.
323 2071 342 2096 v.
354 2061 366 2095 4
378 2059 497 2109 „quomodo
509 2057 576 2095 eradit
587 2057 654 2094 mihi“
671 2057 746 2106 praeda
757 2058 832 2096 iniuste

86 2126 175 2175 arrepta!
199 2125 234 2163 cfr.
251 2125 321 2163 Ierem.
338 2125 411 2173 XVII,
425 2128 441 2164 8,
461 2125 501 2174 Qui
518 2138 588 2164 sensns
605 2124 690 2162 offendit
706 2123 830 2173 Hirzrurunr,

86 2192 133 2244 quia
146 2193 165 2243 t)
177 2205 213 2230 nec
225 2192 335 2231 enuntiatio
347 2194 432 2232 relativa
444 2194 493 2231 satis
506 2199 598 2232 constare
609 2192 675 2243 possit
679 2207 685 2240 ς
702 2206 726 2231 ac
742 2206 783 2231 non
802 2199 832 2232 est

86 2261 180 2308 relativa,
198 2261 232 2298 sed
245 2260 313 2298 eedem
325 2274 356 2300 res
369 2267 428 2299 antea
440 2260 546 2311 participio
558 2261 639 2299 inducta
650 2261 691 2298 iam
704 2260 831 2299 continuatur

86 2329 147 2367 verbo
159 2329 225 2375 fluit03
237 2329 258 2379 2)
270 2329 318 2378 quia
329 2329 381 2367 desit
392 2329 468 2379 aliquid
480 2328 589 2367 eiusmodi:
602 2338 657 2368 nabo
665 2341 681 2368 s.
690 2341 709 2366 v.
719 2342 737 2366 a.
742 2344 748 2376 3
761 2341 830 2367 verum

85 2409 149 2434 nonne
162 2397 210 2435 satis
223 2401 253 2435 est
265 2396 329 2434 dicere
334 2411 340 2443 ;
357 2410 397 2435 non
409 2397 494 2444 recedit,
511 2409 552 2434 non
564 2396 636 2436 desinit
652 2396 734 2446 rapina,
753 2409 832 2447 semper

85 2465 143 2515 copia
155 2465 207 2503 inest
217 2465 317 2515 praedae?
333 2464 410 2514 Dans,
422 2465 500 2513 Tnnn,
512 2464 611 2503 ΗοΠΠΠΠ.
622 2463 655 2502 all.
668 2464 765 2503 solutius:
779 2478 832 2515 quae

86 2545 164 2583 semper
175 2533 226 2570 uixit
238 2545 264 2570 ex
275 2538 341 2583 rapto.
359 2534 423 2572 Plane
438 2534 520 2571 aberrat
531 2532 636 2571 Pesclrito:
654 2545 693 2570 non
709 2533 793 2571 sentitur
809 2533 831 2571 in

85 2614 109 2639 ea
127 2599 230 2647 contritio,
251 2599 311 2638 LXX
334 2592 360 2640 cd
378 2593 574 2655 ψηλαφηθήσεῖοι
589 2595 668 2655 θηρία.
685 2623 709 2627 -
731 2600 830 2639 Gradatio

86 2674 151 2707 antem
163 2669 211 2706 hacc
223 2673 263 2707 est:
276 2670 362 2718 primum
371 2668 452 2707 fallacia
461 2669 523 2707 allicit
532 2676 551 2707 ct
560 2669 634 2719 decipit
645 2674 713 2719 gentes
723 2668 768 2717 (etr,
782 2683 800 2707 r.
810 2670 830 2719 l)

86 2737 131 2775 dein
143 2736 239 2775 violenter
250 2736 341 2785 percellit
353 2743 372 2775 et
384 2737 450 2785 exuit,
463 2738 524 2788 idque
536 2738 660 2776 continenter
672 2737 765 2775 admittit.
789 2771 792 2774 .
