1889 3264
328 164 345 214 ξ.
358 167 375 202 t.
393 164 427 202 Da
439 174 525 203 onronm
537 161 633 202 Ninum.
815 175 845 202 vu

101 298 207 335 psacorum
223 286 358 336 appellatae¹,
374 300 425 337 quae
437 286 525 325 Traiano
537 287 658 337 imperatore
670 291 742 324 exorta
752 285 846 336 Origenis

102 354 161 391 etiam
177 359 197 391 et
215 354 245 392 vel
257 353 374 393 Constantii.
385 353 488 403 tempore²
503 354 679 402 Commemoratur,
700 359 770 392 auctor
784 354 846 392 fuisse

102 421 132 459 vir
145 422 225 473 quidam
236 422 309 470 Elxai,
321 422 377 459 cuius
389 434 461 459 nomen
473 421 523 460 satis
535 422 614 461 diversa
625 423 735 472 apatribus
744 422 846 472 scriptura

101 490 215 537 exhibetur3
232 490 271 537 „ab
284 489 398 538 Epiphanio
414 489 466 526 euim
482 489 537 527 varie
549 490 662 528 nominatur
679 480 771 537 Ἡλξαΐ,
790 481 846 527 Ἥλ-

102 551 165 604 §aior
180 547 366 606 ct’Elzeoooiog,
379 556 543 596 aTnaooonrro
553 549 663 596 Ἕλκεσαΐ
673 562 708 594 aut
726 549 846 607 'ritaret

101 639 113 663 a
124 626 239 663 Marnomo
254 623 276 660 iu
288 624 379 662 convivio
389 616 525 673 Ἐλχασαῖος
540 625 571 663 vel
580 616 754 672 'Elaeooioc“³,
767 626 792 663 ab
802 625 845 664 Au-

101 702 188 731 ousrmo
200 691 255 740 Elci,
268 704 280 729 a
291 691 371 730 lotura
382 692 514 731 Drulsouuo
533 684 640 747 Ἔλκηβθ
656 691 742 743 denique
753 692 774 730 in
786 692 846 742 (Hm-

137 820 153 861 1)
165 820 201 854 Cfr.
213 821 270 853 Erum.
283 822 331 855 haer.
342 822 391 855 Lm.

136 876 153 917 2)
163 877 264 911 Eruntmus
277 879 416 912 luculentissimis
429 878 485 911 verbis
501 878 574 920 (haeres.
586 878 642 919 XIX,
658 877 699 909 edit.
711 877 795 910 Paravlus
808 887 824 909 r.
833 877 847 918 I,

101 945 118 976 p.
127 935 148 967 39
157 934 187 975 ss.)
202 935 287 975 „Traiani
299 939 376 978 tempore
388 937 440 969 Elxai
452 935 620 978 pseudoprophetam
635 934 658 967 ad
671 934 775 967 Osscnorum
790 944 803 966 s.
815 934 847 966 Es-

101 1001 182 1024 seuorum
194 995 267 1032 sectam,
280 992 327 1024 cuius
340 993 416 1026 asseclae
428 995 447 1026 in
457 993 562 1033 Nabataea,
578 992 658 1033 ituraea,
674 991 781 1032 hioabitide,
796 991 847 1023 Arei-

100 1048 150 1080 litide
161 1048 269 1089 incolebant,
286 1050 378 1082 accessisse
393 1050 447 1082 tradit
464 1055 515 1092 atque
528 1050 617 1092 opiniones
634 1058 693 1081 eorum
706 1052 723 1080 et
735 1047 848 1089 amplificasse

102 1109 119 1135 et
131 1105 258 1144 immutavisse3
274 1105 336 1138 horum
353 1111 410 1139 autem
422 1107 527 1139 dementiam
543 1107 565 1138 ad
577 1116 626 1138 suam
643 1104 696 1147 nsque
708 1105 771 1137 durare
783 1114 847 1136 memo-

102 1160 155 1201 riam,
168 1171 206 1193 cum
218 1160 319 1194 Constantio
332 1163 436 1205 imperatore
449 1174 517 1196 sorores
530 1164 574 1195 duae
587 1173 608 1195 ex
620 1164 674 1195 Elxar
686 1171 749 1204 genere
762 1165 810 1193 ortae
822 1161 849 1192 di-

102 1218 143 1249 vino
155 1218 221 1250 honore
234 1218 341 1260 efferrentur,
353 1220 442 1262 Marthus,
458 1231 513 1263 nuper
525 1224 594 1252 mortua
605 1220 646 1260 illa,
659 1224 676 1252 et
687 1219 790 1258 Marthana,
803 1227 848 1259 qnae

103 1274 155 1305 etiam
172 1278 208 1306 tum
225 1275 306 1307 viveret.“
330 1275 407 1314 Quocum
423 1287 500 1319 pugnare
515 1276 592 1317 videtur,
609 1278 655 1318 quod
667 1277 751 1308 Eusamus
763 1275 775 1306 l.
785 1275 797 1306 l.
810 1282 849 1316 post

102 1331 229 1371 sexagesimum
241 1330 321 1373 Origeuis
334 1343 399 1365 annum
410 1334 447 1375 (cfr.
459 1333 494 1374 Vl,
508 1332 537 1373 36)
550 1332 595 1364 hanc
606 1332 687 1365 haeresin
699 1333 786 1364 exstitisse
798 1331 849 1363 docet

103 1382 233 1430 (κατάρχεται),
248 1382 257 1428 ἢ
270 1389 301 1420 καὶ
314 1385 353 1431 ἅμα
365 1390 390 1432 τῷ
404 1385 495 1431 ἄρξασθαι
510 1387 586 1430 ἀπέσβη.
610 1390 635 1421 At
647 1391 685 1430 ipsa
697 1388 776 1421 omens
790 1388 848 1428 verba,

104 1454 149 1486 quae
160 1443 221 1477 laudat
233 1448 250 1476 et
261 1444 307 1476 nude
319 1455 368 1477 suam
380 1446 402 1478 de
414 1447 448 1478 illis
460 1447 540 1479 notitiam
552 1446 637 1478 delibasse
648 1445 726 1486 videtur,
738 1455 774 1478 non
786 1445 849 1477 docent

102 1505 139 1533 tum
150 1501 220 1533 demum
232 1510 261 1533 eos
273 1506 344 1534 exortos
356 1513 403 1544 esse,
418 1503 449 1535 sed
461 1513 482 1536 ea
493 1507 595 1544 tempestate
607 1502 628 1544 (o.
637 1502 693 1544 2471).
702 1502 742 1543 Ch.)
758 1503 848 1536 ecclesiam

101 1558 249 1590 Palaestinensem
261 1559 370 1592 infestavisse
382 1557 480 1601 (attae-r
490 1572 516 1597 τις
528 1558 560 1593 ἐπὶ
575 1559 608 1592 τοῦ
624 1557 718 1602 παρόντος
732 1560 782 1603 μέγα
798 1570 847 1603 ‹ppo-

103 1615 141 1647 νῶν
154 1612 185 1647 ἐπὶ
197 1614 230 1647 τοῦ
243 1610 338 1648 δύνασθαι
350 1613 460 1659 πρεσβεύειν
472 1612 549 1660 γνώμης
561 1614 619 1650 ἀθέου
635 1616 666 1649 καὶ
679 1613 801 1659 ἄσεβεσιάιης
813 1628 849 1648 κα-

103 1671 193 1712 λουμένης
203 1667 335 1712 tetrameter,
354 1674 420 1705 νεωστί
435 1670 558 1715 ἀνισταμένης
573 1674 612 1709 ταῖς
631 1671 744 1714 ἐκκλησίαις·
761 1670 821 1714 ἐκείνη
838 1669 848 1713 ἦ

103 1724 168 1772 γνώμη
181 1721 211 1759 οἶα
223 1727 271 1770 λέγει
285 1724 332 1760 κακά
345 1729 396 1770 arb).
419 1729 481 1772 Neque
493 1741 534 1763 vero
546 1730 585 1762 ideo
598 1730 645 1772 quod
656 1730 675 1761 in
686 1730 731 1762 libro
744 1727 790 1762 κατὰ
803 1739 848 1760 nau.

103 1785 162 1828 αἵρεσ,
174 1784 232 1825 (quem
243 1785 274 1817 alii
287 1784 358 1827 Origeni
370 1786 455 1828 tribuunt3
467 1787 528 1819 laooar
540 1787 634 1828 (Deutsche
647 1786 790 1819 Zeitsehr.1851.
802 1784 848 1825 Iun.)

103 1847 121 1875 et
132 1841 200 1874 Bunsau
211 1841 243 1872 l.l.
255 1842 352 1884 Hippolyto
367 1843 514 1884 vindicaverunt),
530 1844 591 1876 ultimo
607 1844 645 1876 loco
661 1840 759 1875 Eloesaitae
774 1852 848 1875 comme-

102 1903 200 1938 morantur,
217 1908 255 1930 cum
271 1898 351 1931 haereses
365 1899 486 1941 chronologIco
499 1901 559 1932 ordine
571 1901 595 1933 ibi
607 1904 739 1941 recenseantur,
754 1900 849 1931 novissime

102 1957 143 1986 tunc
155 1957 224 1986 exortos
235 1954 289 1986 inisse
300 1955 389 1988 credamus
402 1956 438 1997 (cfr.
448 1956 515 1989 Buussu
523 1957 534 1989 l.
545 1958 556 1989 l.
565 1969 581 2000 p.
591 1958 630 1989 171.
643 1955 693 1997 176);
705 1957 740 1988 imo
753 1955 796 1987 nihil
807 1955 849 1988 inde

102 2015 159 2053 patet,
176 2019 227 2052 quam
243 2011 290 2052 quod
306 2012 363 2045 medio
376 2023 409 2046 seo.
421 2015 473 2046 tertio
485 2024 567 2056 magnam
578 2014 635 2045 denuo
651 2012 769 2045 celebritatem
784 2013 850 2044 fuerint

61 2113 63 2117 μ
102 2069 154 2101 nacti.
178 2066 224 2099 Nam
237 2078 280 2109 quae
292 2069 399 2109 Emrusmus,
412 2071 458 2102 cuius
470 2070 503 2102 hac
511 2071 529 2102 in
541 2081 560 2102 re
573 2071 647 2111 amplior
658 2068 743 2111 quaedam
756 2069 849 2102 auctoritas

104 2129 139 2165 est,
151 2125 233 2166 quoniam
245 2125 335 2157 mirificum
347 2126 400 2159 Elxai'
411 2127 483 2168 librum,
495 2138 529 2169 quo
542 2129 633 2169 opiniones
645 2127 681 2159 eius
694 2126 784 2168 expositae
794 2129 849 2165 eraut,

103 2183 156 2225 probe
168 2181 237 2213 videtur
249 2183 318 2214 novisse
329 2183 366 2224 (cfr.
380 2184 478 2217 Graornun.
490 2185 521 2217 l.l.
534 2196 550 2227 p.
559 2185 599 2217 375.
612 2186 645 2218 392
658 2183 693 2223 all.)
707 2198 728 2205 -
742 2192 787 2224 quae
798 2182 851 2223 igitur

104 2239 126 2271 de
140 2239 191 2271 rebus
206 2238 330 2271 Elcesaitarnm
347 2245 364 2271 et
380 2241 466 2282 dogmatis
481 2242 562 2283 tradidit,
579 2252 600 2274 ea
612 2242 703 2274 Huronrn
718 2240 762 2272 libro
778 2249 850 2280 magno-

104 2306 145 2339 pere
161 2296 230 2328 omnino
246 2296 380 2338 comprobantur
395 2298 432 2339 (cfr.
448 2299 495 2331 locos
513 2308 565 2340 supra
577 2298 653 2340 citatos);
670 2300 688 2330 in
705 2307 738 2340 quo
754 2296 850 2329 notandum

104 2354 179 2386 maxime
195 2357 229 2393 est,
245 2353 292 2394 quod
307 2363 371 2385 novam
385 2358 495 2396 peccatorum
510 2356 629 2387 remissionem
646 2355 697 2387 tertio
714 2354 787 2386 Traiani
804 2363 850 2386 anno

103 2412 179 2444 futuram
192 2410 212 2442 ab
224 2409 306 2442 Eichasai
318 2410 425 2442 enuntiatam
437 2411 512 2444 affirmat
527 2411 564 2453 (cfr.
577 2411 624 2454 Orig.
636 2411 733 2454 philosoph.
746 2410 772 2442 ed.
784 2410 851 2443 Mrmun

104 2479 121 2510 p.
130 2467 175 2508 292).
199 2467 248 2499 Haec
260 2467 282 2499 ad
298 2467 426 2500 diiudicandam
438 2468 510 2500 Eusunu
522 2470 624 2502 sententiam
636 2468 658 2501 de
670 2468 736 2509 origine
745 2478 804 2500 eorum
811 2478 851 2510 pro·

104 2525 164 2557 latam.
188 2523 226 2556 Neo
238 2533 286 2556 secus
299 2524 334 2556 alia
346 2524 376 2557 illa
387 2526 441 2558 verba
453 2531 503 2558 erunt
515 2526 625 2569 explicanda:
638 2521 648 2568 η
662 2524 692 2556 καὶ
706 2519 746 2566 ἅμα
755 2525 778 2568 ιη]
792 2522 851 2568 ἀρξα-

105 2584 150 2613 uero
163 2580 243 2633 ἀπέσηξη,
257 2580 318 2622 quibus
331 2580 443 2623 adstipulavit
454 2583 563 2615 Nrerrneuus
574 2583 614 2616 hist.
627 2582 686 2615 eccles,
699 2582 721 2621 V,
734 2583 765 2622 24,
778 2593 817 2615 cnm
828 2583 850 2614 ab

106 2637 181 2671 Oursurr
193 2634 274 2669 haeresin
286 2637 334 2669 illam
346 2638 436 2670 confestim
450 2640 554 2672 exstinctam
566 2651 603 2672 esse
615 2640 692 2671 traderet
703 2637 809 2679 (etesium
820 2639 827 2670 l
840 2639 851 2670 l.

105 2707 121 2738 p.
129 2694 168 2735 19);
185 2704 229 2735 quae
241 2694 333 2726 referenda
345 2694 425 2727 videntur
437 2706 467 2736 eo,
484 2697 530 2738 quod
542 2697 612 2729 turba-re
624 2696 705 2729 ecclesias
718 2695 806 2728 desierunt
820 2706 851 2727 nec

105 2759 210 2794 magnopere
223 2753 284 2791 postea
295 2751 412 2784 innotuerunt.

140 2808 158 2848 3)
170 2807 205 2841 en.
218 2807 307 2839 corutum
319 2818 413 2841 monumm.
426 2810 466 2843 eccl.
478 2808 556 2843 Graecae
568 2810 586 2851 Ι,
598 2820 614 2852 p.
622 2811 660 2843 775.

141 2865 158 2905 i)
171 2864 205 2898 Cir.
218 2863 288 2897 witer.
301 2864 313 2897 l.
322 2865 332 2897 l.
345 2876 361 2907 p.
371 2866 410 2899 590.
