<?xml version="1.0" encoding="UTF-8"?>
<!DOCTYPE html PUBLIC "-//W3C//DTD XHTML 1.0 Transitional//EN"
    "http://www.w3.org/TR/xhtml1/DTD/xhtml1-transitional.dtd">
<html xmlns="http://www.w3.org/1999/xhtml" xml:lang="en" lang="en">
 <head>
  <title>
</title>
<meta http-equiv="Content-Type" content="text/html;charset=utf-8" />
  <meta name='ocr-system' content='tesseract 3.04.00' />
  <meta name='ocr-capabilities' content='ocr_page ocr_carea ocr_par ocr_line ocrx_word'/>
</head>
<body>
  <div class='ocr_page' id='page_1' title='image "MN41908ucmf_7_0083.png"; bbox 0 0 1889 3264; ppageno 0'>
   <div class='ocr_carea' id='block_1_1' title="bbox 265 175 805 236">
    <p class='ocr_par' dir='ltr' id='par_1_1' title="bbox 265 175 805 236">
     <span class='ocr_line' id='line_1_1' title="bbox 265 175 805 236; baseline -0.004 -12"><span class='ocrx_word' id='word_1_1' title='bbox 265 186 282 236; x_wconf 62' lang='grc' dir='ltr'>ξ.</span> <span class='ocrx_word' id='word_1_2' title='bbox 295 175 313 224; x_wconf 58' lang='lat' dir='ltr'>is</span> <span class='ocrx_word' id='word_1_3' title='bbox 329 187 363 225; x_wconf 79' lang='lat' dir='ltr'>De</span> <span class='ocrx_word' id='word_1_4' title='bbox 375 198 440 226; x_wconf 74' lang='lat' dir='ltr'>iturus</span> <span class='ocrx_word' id='word_1_5' title='bbox 453 187 596 231; x_wconf 74' lang='lat' dir='ltr'>ASSYRIORUM.</span> <span class='ocrx_word' id='word_1_6' title='bbox 769 195 805 222; x_wconf 76' lang='lat' dir='ltr'>uxr</span> 
     </span>
    </p>
   </div>
   <div class='ocr_carea' id='block_1_2' title="bbox 64 309 807 562">
    <p class='ocr_par' dir='ltr' id='par_1_2' title="bbox 64 309 807 496">
     <span class='ocr_line' id='line_1_2' title="bbox 64 309 806 361; baseline -0.001 -16"><span class='ocrx_word' id='word_1_7' title='bbox 64 322 102 358; x_wconf 83' lang='lat' dir='ltr'>que</span> <span class='ocrx_word' id='word_1_8' title='bbox 114 313 181 358; x_wconf 77' lang='lat' dir='ltr'>gentes</span> <span class='ocrx_word' id='word_1_9' title='bbox 195 310 298 349; x_wconf 77' lang='lat' dir='ltr'>confestim</span> <span class='ocrx_word' id='word_1_10' title='bbox 310 316 449 361; x_wconf 83' lang='lat' dir='ltr'>sequerentur3</span> <span class='ocrx_word' id='word_1_11' title='bbox 467 323 490 348; x_wconf 86' lang='lat' dir='ltr'>ac</span> <span class='ocrx_word' id='word_1_12' title='bbox 505 310 551 348; x_wconf 78' lang='lat' dir='ltr'>lieet</span> <span class='ocrx_word' id='word_1_13' title='bbox 561 309 687 360; x_wconf 84' lang='lat' dir='ltr'>Babylonios</span> <span class='ocrx_word' id='word_1_14' title='bbox 702 320 751 345; x_wconf 77' lang='lat' dir='ltr'>nrox</span> <span class='ocrx_word' id='word_1_15' title='bbox 763 320 806 345; x_wconf 90' lang='lat' dir='ltr'>rur-</span> 
     </span>
     <span class='ocr_line' id='line_1_3' title="bbox 64 375 807 429; baseline -0.001 -16"><span class='ocrx_word' id='word_1_16' title='bbox 64 388 97 414; x_wconf 89' lang='lat' dir='ltr'>sus</span> <span class='ocrx_word' id='word_1_17' title='bbox 109 377 235 426; x_wconf 74' lang='lat' dir='ltr'>pacaverint,</span> <span class='ocrx_word' id='word_1_18' title='bbox 248 385 277 426; x_wconf 88' lang='lat' dir='ltr'>et,</span> <span class='ocrx_word' id='word_1_19' title='bbox 290 378 324 429; x_wconf 85' lang='lat' dir='ltr'>qui</span> <span class='ocrx_word' id='word_1_20' title='bbox 332 376 464 417; x_wconf 79' lang='lat' dir='ltr'>Sanlreribum</span> <span class='ocrx_word' id='word_1_21' title='bbox 476 377 577 426; x_wconf 81' lang='lat' dir='ltr'>regnando</span> <span class='ocrx_word' id='word_1_22' title='bbox 590 377 678 427; x_wconf 84' lang='lat' dir='ltr'>excepit,</span> <span class='ocrx_word' id='word_1_23' title='bbox 693 375 807 415; x_wconf 85' lang='lat' dir='ltr'>Assarhad-</span> 
     </span>
     <span class='ocr_line' id='line_1_4' title="bbox 64 443 806 496; baseline 0 -16"><span class='ocrx_word' id='word_1_24' title='bbox 64 443 103 481; x_wconf 90' lang='lat' dir='ltr'>don</span> <span class='ocrx_word' id='word_1_25' title='bbox 116 445 196 495; x_wconf 77' lang='lat' dir='ltr'>Assyrii</span> <span class='ocrx_word' id='word_1_26' title='bbox 211 446 297 485; x_wconf 89' lang='lat' dir='ltr'>nominis</span> <span class='ocrx_word' id='word_1_27' title='bbox 313 446 409 483; x_wconf 78' lang='lat' dir='ltr'>honorem</span> <span class='ocrx_word' id='word_1_28' title='bbox 425 444 569 496; x_wconf 79' lang='lat' dir='ltr'>aliquantisper</span> <span class='ocrx_word' id='word_1_29' title='bbox 584 444 694 483; x_wconf 76' lang='lat' dir='ltr'>restituisse</span> <span class='ocrx_word' id='word_1_30' title='bbox 706 444 806 493; x_wconf 86' lang='lat' dir='ltr'>putandus</span> 
     </span>
    </p>

    <p class='ocr_par' dir='ltr' id='par_1_3' title="bbox 64 510 807 562">
     <span class='ocr_line' id='line_1_5' title="bbox 64 510 807 562; baseline -0.003 -13"><span class='ocrx_word' id='word_1_31' title='bbox 64 511 98 549; x_wconf 87' lang='lat' dir='ltr'>sit:</span> <span class='ocrx_word' id='word_1_32' title='bbox 118 517 184 551; x_wconf 86' lang='lat' dir='ltr'>tamen</span> <span class='ocrx_word' id='word_1_33' title='bbox 201 513 265 552; x_wconf 77' lang='lat' dir='ltr'>fractu</span> <span class='ocrx_word' id='word_1_34' title='bbox 281 518 324 551; x_wconf 87' lang='lat' dir='ltr'>erat</span> <span class='ocrx_word' id='word_1_35' title='bbox 340 512 430 562; x_wconf 87' lang='lat' dir='ltr'>potentia</span> <span class='ocrx_word' id='word_1_36' title='bbox 447 524 525 560; x_wconf 86' lang='lat' dir='ltr'>eorum,</span> <span class='ocrx_word' id='word_1_37' title='bbox 547 524 573 549; x_wconf 83' lang='lat' dir='ltr'>ex</span> <span class='ocrx_word' id='word_1_38' title='bbox 589 524 629 562; x_wconf 87' lang='lat' dir='ltr'>quo</span> <span class='ocrx_word' id='word_1_39' title='bbox 646 516 723 549; x_wconf 82' lang='lat' dir='ltr'>atroces</span> <span class='ocrx_word' id='word_1_40' title='bbox 741 510 807 561; x_wconf 78' lang='lat' dir='ltr'>angeli</span> 
     </span>
    </p>
   </div>
   <div class='ocr_carea' id='block_1_3' title="bbox 63 686 866 731">
    <p class='ocr_par' dir='ltr' id='par_1_4' title="bbox 63 686 866 731">
     <span class='ocr_line' id='line_1_6' title="bbox 63 686 866 731; baseline 0 -13"><span class='ocrx_word' id='word_1_41' title='bbox 63 688 144 728; x_wconf 82' lang='lat' dir='ltr'>temporis</span> <span class='ocrx_word' id='word_1_42' title='bbox 156 691 261 719; x_wconf 84' lang='lat' dir='ltr'>momentum</span> <span class='ocrx_word' id='word_1_43' title='bbox 274 687 311 720; x_wconf 89' lang='lat' dir='ltr'>sine</span> <span class='ocrx_word' id='word_1_44' title='bbox 323 688 375 721; x_wconf 89' lang='lat' dir='ltr'>dubio</span> <span class='ocrx_word' id='word_1_45' title='bbox 387 689 481 721; x_wconf 88' lang='lat' dir='ltr'>tenendum</span> <span class='ocrx_word' id='word_1_46' title='bbox 494 697 530 720; x_wconf 87' lang='lat' dir='ltr'>esse</span> <span class='ocrx_word' id='word_1_47' title='bbox 542 687 615 720; x_wconf 85' lang='lat' dir='ltr'>videtur.</span> <span class='ocrx_word' id='word_1_48' title='bbox 640 690 656 731; x_wconf 88' lang='lat'>1)</span> <span class='ocrx_word' id='word_1_49' title='bbox 668 687 747 720; x_wconf 86' lang='lat' dir='ltr'>Primum</span> <span class='ocrx_word' id='word_1_50' title='bbox 762 686 808 718; x_wconf 87' lang='lat' dir='ltr'>enim</span> <span class='ocrx_word' id='word_1_51' title='bbox 865 694 866 697; x_wconf 76' lang='grc'>’</span> 
     </span>
    </p>
   </div>
   <div class='ocr_carea' id='block_1_4' title="bbox 63 742 858 2944">
    <p class='ocr_par' dir='ltr' id='par_1_5' title="bbox 63 742 843 2486">
     <span class='ocr_line' id='line_1_7' title="bbox 63 742 808 786; baseline -0.001 -12"><span class='ocrx_word' id='word_1_52' title='bbox 63 742 125 775; x_wconf 88' lang='lat' dir='ltr'>Medos</span> <span class='ocrx_word' id='word_1_53' title='bbox 138 743 168 775; x_wconf 89' lang='lat' dir='ltr'>snb</span> <span class='ocrx_word' id='word_1_54' title='bbox 181 743 252 785; x_wconf 82' lang='lat' dir='ltr'>Tigiath</span> <span class='ocrx_word' id='word_1_55' title='bbox 265 744 342 777; x_wconf 84' lang='lat' dir='ltr'>Pilesare</span> <span class='ocrx_word' id='word_1_56' title='bbox 354 746 431 786; x_wconf 74' lang='lat' dir='ltr'>Assyriis</span> <span class='ocrx_word' id='word_1_57' title='bbox 443 745 529 778; x_wconf 84' lang='lat' dir='ltr'>subiectos</span> <span class='ocrx_word' id='word_1_58' title='bbox 542 747 594 777; x_wconf 87' lang='lat' dir='ltr'>etiam</span> <span class='ocrx_word' id='word_1_59' title='bbox 608 746 671 784; x_wconf 83' lang='lat' dir='ltr'>fuisse,</span> <span class='ocrx_word' id='word_1_60' title='bbox 688 742 763 776; x_wconf 78' lang='lat' dir='ltr'>dilucide</span> <span class='ocrx_word' id='word_1_61' title='bbox 778 752 808 784; x_wconf 84' lang='lat' dir='ltr'>ap-</span> 
     </span>
     <span class='ocr_line' id='line_1_8' title="bbox 64 799 809 842; baseline 0.003 -12"><span class='ocrx_word' id='word_1_62' title='bbox 64 804 113 840; x_wconf 85' lang='lat' dir='ltr'>paret</span> <span class='ocrx_word' id='word_1_63' title='bbox 125 809 134 830; x_wconf 90' lang='lat' dir='ltr'>e</span> <span class='ocrx_word' id='word_1_64' title='bbox 144 800 160 830; x_wconf 94' lang='grc'>11.</span> <span class='ocrx_word' id='word_1_65' title='bbox 174 799 234 841; x_wconf 72' lang='lat' dir='ltr'>aueg.</span> <span class='ocrx_word' id='word_1_66' title='bbox 247 801 307 842; x_wconf 80' lang='lat' dir='ltr'>XVII,</span> <span class='ocrx_word' id='word_1_67' title='bbox 320 801 336 833; x_wconf 82' lang='grc'>6.</span> <span class='ocrx_word' id='word_1_68' title='bbox 348 801 420 842; x_wconf 83' lang='lat' dir='ltr'>XVIII,</span> <span class='ocrx_word' id='word_1_69' title='bbox 433 803 461 834; x_wconf 83' lang='lat'>11.</span> <span class='ocrx_word' id='word_1_70' title='bbox 474 802 504 833; x_wconf 77' lang='lat' dir='ltr'>cir.</span> <span class='ocrx_word' id='word_1_71' title='bbox 516 802 585 834; x_wconf 75' lang='lat' dir='ltr'>iusum.</span> <span class='ocrx_word' id='word_1_72' title='bbox 598 802 640 835; x_wconf 83' lang='lat' dir='ltr'>Ant.</span> <span class='ocrx_word' id='word_1_73' title='bbox 648 802 686 842; x_wconf 85' lang='lat' dir='ltr'>IX,</span> <span class='ocrx_word' id='word_1_74' title='bbox 699 802 727 840; x_wconf 77' lang='grc'><strong>12,</strong></span> <span class='ocrx_word' id='word_1_75' title='bbox 740 799 759 840; x_wconf 76' lang='grc'>3;</span> <span class='ocrx_word' id='word_1_76' title='bbox 777 808 809 830; x_wconf 82' lang='lat' dir='ltr'>nec</span> 
     </span>
     <span class='ocr_line' id='line_1_9' title="bbox 64 856 808 898; baseline 0.001 -11"><span class='ocrx_word' id='word_1_77' title='bbox 64 857 120 888; x_wconf 86' lang='lat' dir='ltr'>minus</span> <span class='ocrx_word' id='word_1_78' title='bbox 135 856 251 897; x_wconf 88' lang='lat' dir='ltr'>Babylonios,</span> <span class='ocrx_word' id='word_1_79' title='bbox 272 867 315 898; x_wconf 83' lang='lat' dir='ltr'>quos</span> <span class='ocrx_word' id='word_1_80' title='bbox 327 858 418 890; x_wconf 79' lang='lat' dir='ltr'>Medorum</span> <span class='ocrx_word' id='word_1_81' title='bbox 435 858 538 890; x_wconf 77' lang='lat' dir='ltr'>seditionem</span> <span class='ocrx_word' id='word_1_82' title='bbox 553 862 571 890; x_wconf 91' lang='lat' dir='ltr'>et</span> <span class='ocrx_word' id='word_1_83' title='bbox 586 858 672 890; x_wconf 85' lang='lat' dir='ltr'>defectum</span> <span class='ocrx_word' id='word_1_84' title='bbox 686 862 754 890; x_wconf 83' lang='lat' dir='ltr'>secutos</span> <span class='ocrx_word' id='word_1_85' title='bbox 771 866 808 888; x_wconf 89' lang='lat' dir='ltr'>esse</span> 
     </span>
     <span class='ocr_line' id='line_1_10' title="bbox 64 912 808 960; baseline 0.001 -17"><span class='ocrx_word' id='word_1_86' title='bbox 64 912 117 960; x_wconf 84' lang='lat' dir='ltr'>tradit</span> <span class='ocrx_word' id='word_1_87' title='bbox 132 912 234 945; x_wconf 83' lang='lat' dir='ltr'>Hunonorus</span> <span class='ocrx_word' id='word_1_88' title='bbox 246 913 260 953; x_wconf 86' lang='lat'>1,</span> <span class='ocrx_word' id='word_1_89' title='bbox 273 914 304 955; x_wconf 77' lang='lat'>95,</span> <span class='ocrx_word' id='word_1_90' title='bbox 317 915 346 947; x_wconf 82' lang='lat' dir='ltr'>cir.</span> <span class='ocrx_word' id='word_1_91' title='bbox 360 914 420 958; x_wconf 68' lang='lat' dir='ltr'>anag.</span> <span class='ocrx_word' id='word_1_92' title='bbox 430 915 494 955; x_wconf 79' lang='lat' dir='ltr'>XVII,</span> <span class='ocrx_word' id='word_1_93' title='bbox 508 915 539 956; x_wconf 69' lang='lat'>243</span> <span class='ocrx_word' id='word_1_94' title='bbox 557 915 603 957; x_wconf 89' lang='lat' dir='ltr'>quod</span> <span class='ocrx_word' id='word_1_95' title='bbox 619 919 675 946; x_wconf 91' lang='lat' dir='ltr'>autem</span> <span class='ocrx_word' id='word_1_96' title='bbox 692 913 714 945; x_wconf 89' lang='lat' dir='ltr'>de</span> <span class='ocrx_word' id='word_1_97' title='bbox 725 914 758 946; x_wconf 85' lang='lat' dir='ltr'>hoc</span> <span class='ocrx_word' id='word_1_98' title='bbox 770 914 808 945; x_wconf 85' lang='lat' dir='ltr'>loeo</span> 
     </span>
     <span class='ocr_line' id='line_1_11' title="bbox 65 968 809 1013; baseline 0.001 -13"><span class='ocrx_word' id='word_1_99' title='bbox 65 969 131 1001; x_wconf 88' lang='lat' dir='ltr'>monuit</span> <span class='ocrx_word' id='word_1_100' title='bbox 142 968 253 1010; x_wconf 76' lang='lat' dir='ltr'>Bnnumsrus,</span> <span class='ocrx_word' id='word_1_101' title='bbox 266 980 303 1002; x_wconf 86' lang='lat' dir='ltr'>cnm</span> <span class='ocrx_word' id='word_1_102' title='bbox 315 971 405 1012; x_wconf 80' lang='lat' dir='ltr'>probabile</span> <span class='ocrx_word' id='word_1_103' title='bbox 417 980 455 1002; x_wconf 84' lang='lat' dir='ltr'>esse</span> <span class='ocrx_word' id='word_1_104' title='bbox 467 975 574 1003; x_wconf 79' lang='lat' dir='ltr'>asseveraret</span> <span class='ocrx_word' id='word_1_105' title='bbox 586 982 602 1013; x_wconf 89' lang='lat' dir='ltr'>p.</span> <span class='ocrx_word' id='word_1_106' title='bbox 611 971 633 1004; x_wconf 76' lang='lat'>53</span> <span class='ocrx_word' id='word_1_107' title='bbox 645 971 657 1002; x_wconf 91' lang='grc'><strong>1.</strong></span> <span class='ocrx_word' id='word_1_108' title='bbox 665 970 686 1010; x_wconf 82' lang='grc'>1.,</span> <span class='ocrx_word' id='word_1_109' title='bbox 698 979 748 1011; x_wconf 80' lang='lat' dir='ltr'>reges</span> <span class='ocrx_word' id='word_1_110' title='bbox 755 970 809 1010; x_wconf 65' lang='lat' dir='ltr'>Assy</span> 
     </span>
     <span class='ocr_line' id='line_1_12' title="bbox 64 1026 809 1070; baseline 0 -13"><span class='ocrx_word' id='word_1_111' title='bbox 64 1027 130 1059; x_wconf 88' lang='lat' dir='ltr'>riorum</span> <span class='ocrx_word' id='word_1_112' title='bbox 146 1028 174 1068; x_wconf 85' lang='lat' dir='ltr'>,in</span> <span class='ocrx_word' id='word_1_113' title='bbox 189 1026 296 1067; x_wconf 89' lang='lat' dir='ltr'>Babylonios</span> <span class='ocrx_word' id='word_1_114' title='bbox 313 1036 380 1068; x_wconf 82' lang='lat' dir='ltr'>quoque</span> <span class='ocrx_word' id='word_1_115' title='bbox 395 1027 515 1069; x_wconf 77' lang='lat' dir='ltr'>expeditiones</span> <span class='ocrx_word' id='word_1_116' title='bbox 531 1028 625 1070; x_wconf 77' lang='lat' dir='ltr'>suscepisse</span> <span class='ocrx_word' id='word_1_117' title='bbox 646 1036 739 1068; x_wconf 86' lang='lat' dir='ltr'>eorumque</span> <span class='ocrx_word' id='word_1_118' title='bbox 758 1035 809 1067; x_wconf 85' lang='lat' dir='ltr'>agros</span> 
     </span>
     <span class='ocr_line' id='line_1_13' title="bbox 65 1082 810 1125; baseline -0.001 -10"><span class='ocrx_word' id='word_1_119' title='bbox 65 1083 157 1125; x_wconf 89' lang='lat' dir='ltr'>quosdam,</span> <span class='ocrx_word' id='word_1_120' title='bbox 175 1093 279 1124; x_wconf 84' lang='lat' dir='ltr'>quamquam</span> <span class='ocrx_word' id='word_1_121' title='bbox 294 1083 366 1125; x_wconf 86' lang='lat' dir='ltr'>imperio</span> <span class='ocrx_word' id='word_1_122' title='bbox 381 1084 419 1125; x_wconf 87' lang='lat' dir='ltr'>ipso</span> <span class='ocrx_word' id='word_1_123' title='bbox 431 1094 466 1116; x_wconf 89' lang='lat' dir='ltr'>non</span> <span class='ocrx_word' id='word_1_124' title='bbox 478 1085 558 1125; x_wconf 84' lang='lat' dir='ltr'>subacto,</span> <span class='ocrx_word' id='word_1_125' title='bbox 573 1085 592 1117; x_wconf 89' lang='lat' dir='ltr'>iu</span> <span class='ocrx_word' id='word_1_126' title='bbox 603 1093 653 1116; x_wconf 84' lang='lat' dir='ltr'>snam</span> <span class='ocrx_word' id='word_1_127' title='bbox 664 1083 749 1116; x_wconf 86' lang='lat' dir='ltr'>ditionem</span> <span class='ocrx_word' id='word_1_128' title='bbox 760 1082 810 1115; x_wconf 88' lang='lat' dir='ltr'>rede-</span> 
     </span>
     <span class='ocr_line' id='line_1_14' title="bbox 65 1139 809 1182; baseline -0.003 -10"><span class='ocrx_word' id='word_1_129' title='bbox 65 1139 121 1182; x_wconf 80' lang='lat' dir='ltr'>gisse“</span> <span class='ocrx_word' id='word_1_130' title='bbox 137 1157 159 1164; x_wconf 83' lang='lat'>—·</span> <span class='ocrx_word' id='word_1_131' title='bbox 174 1140 221 1172; x_wconf 90' lang='lat' dir='ltr'>idem</span> <span class='ocrx_word' id='word_1_132' title='bbox 237 1139 259 1172; x_wconf 84' lang='lat' dir='ltr'>de</span> <span class='ocrx_word' id='word_1_133' title='bbox 276 1140 334 1172; x_wconf 85' lang='lat' dir='ltr'>alteris</span> <span class='ocrx_word' id='word_1_134' title='bbox 350 1141 401 1180; x_wconf 85' lang='lat' dir='ltr'>Iocis,</span> <span class='ocrx_word' id='word_1_135' title='bbox 413 1140 442 1172; x_wconf 90' lang='lat' dir='ltr'>ubi</span> <span class='ocrx_word' id='word_1_136' title='bbox 454 1140 550 1174; x_wconf 84' lang='lat' dir='ltr'>afferuntur</span> <span class='ocrx_word' id='word_1_137' title='bbox 566 1147 601 1176; x_wconf 69' lang='grc' dir='ltr'>Ὶ’113</span> <span class='ocrx_word' id='word_1_138' title='bbox 617 1145 653 1176; x_wconf 53' lang='lat' dir='ltr'>aar)</span> <span class='ocrx_word' id='word_1_139' title='bbox 670 1140 729 1172; x_wconf 75' lang='lat' dir='ltr'>ualere</span> <span class='ocrx_word' id='word_1_140' title='bbox 741 1140 809 1181; x_wconf 75' lang='lat' dir='ltr'>neqnit;</span> 
     </span>
     <span class='ocr_line' id='line_1_15' title="bbox 65 1196 811 1239; baseline -0.001 -11"><span class='ocrx_word' id='word_1_141' title='bbox 65 1198 108 1229; x_wconf 85' lang='lat' dir='ltr'>satis</span> <span class='ocrx_word' id='word_1_142' title='bbox 120 1198 166 1229; x_wconf 86' lang='lat' dir='ltr'>enim</span> <span class='ocrx_word' id='word_1_143' title='bbox 181 1196 299 1239; x_wconf 78' lang='lat' dir='ltr'>imprudenter</span> <span class='ocrx_word' id='word_1_144' title='bbox 313 1197 388 1238; x_wconf 83' lang='lat' dir='ltr'>egissent</span> <span class='ocrx_word' id='word_1_145' title='bbox 400 1198 480 1239; x_wconf 82' lang='lat' dir='ltr'>Assyrii,</span> <span class='ocrx_word' id='word_1_146' title='bbox 496 1200 511 1231; x_wconf 89' lang='lat' dir='ltr'>si</span> <span class='ocrx_word' id='word_1_147' title='bbox 525 1199 544 1230; x_wconf 88' lang='lat' dir='ltr'>in</span> <span class='ocrx_word' id='word_1_148' title='bbox 558 1198 597 1230; x_wconf 87' lang='lat' dir='ltr'>loca</span> <span class='ocrx_word' id='word_1_149' title='bbox 612 1196 690 1229; x_wconf 87' lang='lat' dir='ltr'>hostibus</span> <span class='ocrx_word' id='word_1_150' title='bbox 705 1196 735 1228; x_wconf 82' lang='lat' dir='ltr'>vix</span> <span class='ocrx_word' id='word_1_151' title='bbox 751 1199 811 1237; x_wconf 88' lang='lat' dir='ltr'>erepta</span> 
     </span>
     <span class='ocr_line' id='line_1_16' title="bbox 65 1252 810 1296; baseline -0.001 -12"><span class='ocrx_word' id='word_1_152' title='bbox 65 1254 139 1285; x_wconf 84' lang='lat' dir='ltr'>inermes</span> <span class='ocrx_word' id='word_1_153' title='bbox 155 1255 252 1295; x_wconf 83' lang='lat' dir='ltr'>posuissent</span> <span class='ocrx_word' id='word_1_154' title='bbox 267 1257 350 1295; x_wconf 84' lang='lat' dir='ltr'>tanquam</span> <span class='ocrx_word' id='word_1_155' title='bbox 364 1253 503 1296; x_wconf 73' lang='lat' dir='ltr'>propugnacula3</span> <span class='ocrx_word' id='word_1_156' title='bbox 518 1256 554 1286; x_wconf 89' lang='lat' dir='ltr'>imo</span> <span class='ocrx_word' id='word_1_157' title='bbox 570 1254 665 1295; x_wconf 78' lang='lat' dir='ltr'>asportatio</span> <span class='ocrx_word' id='word_1_158' title='bbox 677 1253 708 1284; x_wconf 88' lang='lat' dir='ltr'>illa</span> <span class='ocrx_word' id='word_1_159' title='bbox 719 1253 737 1284; x_wconf 93' lang='lat' dir='ltr'>in</span> <span class='ocrx_word' id='word_1_160' title='bbox 749 1252 810 1284; x_wconf 86' lang='lat' dir='ltr'>Medo-</span> 
     </span>
     <span class='ocr_line' id='line_1_17' title="bbox 65 1309 811 1352; baseline -0.001 -11"><span class='ocrx_word' id='word_1_161' title='bbox 65 1321 103 1342; x_wconf 85' lang='lat' dir='ltr'>rum</span> <span class='ocrx_word' id='word_1_162' title='bbox 115 1310 178 1352; x_wconf 88' lang='lat' dir='ltr'>oppida</span> <span class='ocrx_word' id='word_1_163' title='bbox 191 1311 238 1343; x_wconf 78' lang='lat' dir='ltr'>facta</span> <span class='ocrx_word' id='word_1_164' title='bbox 255 1310 337 1352; x_wconf 81' lang='lat' dir='ltr'>explicari</span> <span class='ocrx_word' id='word_1_165' title='bbox 352 1311 382 1343; x_wconf 76' lang='lat' dir='ltr'>rix</span> <span class='ocrx_word' id='word_1_166' title='bbox 393 1314 460 1352; x_wconf 88' lang='lat' dir='ltr'>potest,</span> <span class='ocrx_word' id='word_1_167' title='bbox 476 1312 509 1344; x_wconf 87' lang='lat' dir='ltr'>nisi</span> <span class='ocrx_word' id='word_1_168' title='bbox 521 1311 579 1344; x_wconf 87' lang='lat' dir='ltr'>Medis</span> <span class='ocrx_word' id='word_1_169' title='bbox 595 1309 675 1341; x_wconf 86' lang='lat' dir='ltr'>subiectis</span> <span class='ocrx_word' id='word_1_170' title='bbox 692 1310 744 1341; x_wconf 87' lang='lat' dir='ltr'>etiam</span> <span class='ocrx_word' id='word_1_171' title='bbox 760 1313 811 1350; x_wconf 87' lang='lat' dir='ltr'>atque</span> 
     </span>
     <span class='ocr_line' id='line_1_18' title="bbox 65 1365 811 1410; baseline -0.001 -11"><span class='ocrx_word' id='word_1_172' title='bbox 65 1369 136 1410; x_wconf 80' lang='lat' dir='ltr'>pacatis.</span> <span class='ocrx_word' id='word_1_173' title='bbox 160 1367 187 1398; x_wconf 90' lang='lat' dir='ltr'>Ac</span> <span class='ocrx_word' id='word_1_174' title='bbox 199 1367 214 1398; x_wconf 86' lang='lat' dir='ltr'>si</span> <span class='ocrx_word' id='word_1_175' title='bbox 226 1366 321 1399; x_wconf 85' lang='lat' dir='ltr'>Merodaeh</span> <span class='ocrx_word' id='word_1_176' title='bbox 333 1366 433 1399; x_wconf 83' lang='lat' dir='ltr'>Baladanus</span> <span class='ocrx_word' id='word_1_177' title='bbox 449 1368 484 1399; x_wconf 87' lang='lat' dir='ltr'>iam</span> <span class='ocrx_word' id='word_1_178' title='bbox 500 1372 561 1400; x_wconf 87' lang='lat' dir='ltr'>contra</span> <span class='ocrx_word' id='word_1_179' title='bbox 573 1365 722 1399; x_wconf 86' lang='lat' dir='ltr'>Salmanassarem</span> <span class='ocrx_word' id='word_1_180' title='bbox 738 1370 755 1398; x_wconf 88' lang='lat' dir='ltr'>et</span> <span class='ocrx_word' id='word_1_181' title='bbox 767 1365 811 1399; x_wconf 76' lang='lat' dir='ltr'>San·</span> 
     </span>
     <span class='ocr_line' id='line_1_19' title="bbox 66 1422 811 1465; baseline -0.001 -10"><span class='ocrx_word' id='word_1_182' title='bbox 66 1423 144 1455; x_wconf 85' lang='lat' dir='ltr'>hcribnm</span> <span class='ocrx_word' id='word_1_183' title='bbox 156 1427 208 1455; x_wconf 87' lang='lat' dir='ltr'>antea</span> <span class='ocrx_word' id='word_1_184' title='bbox 220 1423 266 1455; x_wconf 88' lang='lat' dir='ltr'>bella</span> <span class='ocrx_word' id='word_1_185' title='bbox 277 1424 352 1455; x_wconf 83' lang='lat' dir='ltr'>movisse</span> <span class='ocrx_word' id='word_1_186' title='bbox 364 1423 439 1455; x_wconf 83' lang='lat' dir='ltr'>traditur</span> <span class='ocrx_word' id='word_1_187' title='bbox 450 1424 469 1455; x_wconf 88' lang='lat' dir='ltr'>in</span> <span class='ocrx_word' id='word_1_188' title='bbox 480 1425 534 1456; x_wconf 88' lang='lat' dir='ltr'>titulis</span> <span class='ocrx_word' id='word_1_189' title='bbox 547 1425 632 1463; x_wconf 84' lang='lat' dir='ltr'>crmeatis,</span> <span class='ocrx_word' id='word_1_190' title='bbox 648 1433 685 1455; x_wconf 85' lang='lat' dir='ltr'>non</span> <span class='ocrx_word' id='word_1_191' title='bbox 696 1422 737 1455; x_wconf 89' lang='lat' dir='ltr'>inde</span> <span class='ocrx_word' id='word_1_192' title='bbox 749 1423 811 1465; x_wconf 81' lang='lat' dir='ltr'>proba-</span> 
     </span>
     <span class='ocr_line' id='line_1_20' title="bbox 67 1479 812 1523; baseline 0 -11"><span class='ocrx_word' id='word_1_193' title='bbox 67 1486 103 1521; x_wconf 89' lang='lat' dir='ltr'>tur,</span> <span class='ocrx_word' id='word_1_194' title='bbox 120 1480 227 1522; x_wconf 83' lang='lat' dir='ltr'>Babylonios</span> <span class='ocrx_word' id='word_1_195' title='bbox 239 1480 293 1511; x_wconf 81' lang='lat' dir='ltr'>fuisse</span> <span class='ocrx_word' id='word_1_196' title='bbox 304 1480 376 1521; x_wconf 80' lang='lat' dir='ltr'>iiber0s3</span> <span class='ocrx_word' id='word_1_197' title='bbox 393 1485 431 1523; x_wconf 88' lang='lat' dir='ltr'>post</span> <span class='ocrx_word' id='word_1_198' title='bbox 447 1481 514 1513; x_wconf 82' lang='lat' dir='ltr'>cladem</span> <span class='ocrx_word' id='word_1_199' title='bbox 532 1485 589 1513; x_wconf 88' lang='lat' dir='ltr'>autem</span> <span class='ocrx_word' id='word_1_200' title='bbox 601 1479 695 1513; x_wconf 84' lang='lat' dir='ltr'>Sanherihi</span> <span class='ocrx_word' id='word_1_201' title='bbox 709 1479 812 1512; x_wconf 88' lang='lat' dir='ltr'>seditionem</span> 
     </span>
     <span class='ocr_line' id='line_1_21' title="bbox 67 1536 813 1579; baseline -0.003 -9"><span class='ocrx_word' id='word_1_202' title='bbox 67 1547 127 1570; x_wconf 87' lang='lat' dir='ltr'>eornm</span> <span class='ocrx_word' id='word_1_203' title='bbox 142 1537 193 1578; x_wconf 76' lang='lat' dir='ltr'>louge</span> <span class='ocrx_word' id='word_1_204' title='bbox 208 1537 305 1578; x_wconf 78' lang='lat' dir='ltr'>graviorem</span> <span class='ocrx_word' id='word_1_205' title='bbox 320 1537 384 1576; x_wconf 80' lang='lat' dir='ltr'>fnisse,</span> <span class='ocrx_word' id='word_1_206' title='bbox 400 1538 502 1569; x_wconf 82' lang='lat' dir='ltr'>commercia</span> <span class='ocrx_word' id='word_1_207' title='bbox 519 1537 620 1577; x_wconf 85' lang='lat' dir='ltr'>ostendunt,</span> <span class='ocrx_word' id='word_1_208' title='bbox 635 1547 680 1579; x_wconf 83' lang='lat' dir='ltr'>quae</span> <span class='ocrx_word' id='word_1_209' title='bbox 695 1547 733 1569; x_wconf 85' lang='lat' dir='ltr'>cnm</span> <span class='ocrx_word' id='word_1_210' title='bbox 749 1536 813 1569; x_wconf 85' lang='lat' dir='ltr'>Hiskia</span> 
     </span>
     <span class='ocr_line' id='line_1_22' title="bbox 66 1592 812 1636; baseline 0 -11"><span class='ocrx_word' id='word_1_211' title='bbox 66 1594 146 1625; x_wconf 87' lang='lat' dir='ltr'>inierunt.</span> <span class='ocrx_word' id='word_1_212' title='bbox 159 1593 194 1626; x_wconf 81' lang='lat' dir='ltr'>Cir.</span> <span class='ocrx_word' id='word_1_213' title='bbox 207 1594 259 1624; x_wconf 89' lang='lat' dir='ltr'>etiam</span> <span class='ocrx_word' id='word_1_214' title='bbox 271 1592 336 1624; x_wconf 79' lang='lat' dir='ltr'>Bruosr</span> <span class='ocrx_word' id='word_1_215' title='bbox 347 1595 408 1635; x_wconf 80' lang='lat' dir='ltr'>rerba,</span> <span class='ocrx_word' id='word_1_216' title='bbox 420 1594 483 1626; x_wconf 80' lang='lat' dir='ltr'>Eusur.</span> <span class='ocrx_word' id='word_1_217' title='bbox 497 1593 531 1625; x_wconf 90' lang='lat' dir='ltr'>chr.</span> <span class='ocrx_word' id='word_1_218' title='bbox 544 1603 587 1626; x_wconf 80' lang='lat' dir='ltr'>urm.</span> <span class='ocrx_word' id='word_1_219' title='bbox 599 1604 616 1636; x_wconf 69' lang='lat' dir='ltr'>p,</span> <span class='ocrx_word' id='word_1_220' title='bbox 624 1594 653 1626; x_wconf 84' lang='grc'><strong>42.</strong></span> <span class='ocrx_word' id='word_1_221' title='bbox 661 1593 690 1626; x_wconf 78' lang='grc'>43.</span> <span class='ocrx_word' id='word_1_222' title='bbox 715 1595 732 1631; x_wconf 87' lang='grc'>2)</span> <span class='ocrx_word' id='word_1_223' title='bbox 743 1593 812 1626; x_wconf 88' lang='lat' dir='ltr'>Deinde</span> 
     </span>
     <span class='ocr_line' id='line_1_23' title="bbox 69 1649 812 1691; baseline 0 -9"><span class='ocrx_word' id='word_1_224' title='bbox 69 1651 157 1683; x_wconf 83' lang='lat' dir='ltr'>Dronorus</span> <span class='ocrx_word' id='word_1_225' title='bbox 169 1650 197 1690; x_wconf 85' lang='grc' dir='ltr'>Π,</span> <span class='ocrx_word' id='word_1_226' title='bbox 209 1651 230 1682; x_wconf 73' lang='grc'><strong>32</strong></span> <span class='ocrx_word' id='word_1_227' title='bbox 244 1650 306 1681; x_wconf 89' lang='lat' dir='ltr'>Medos</span> <span class='ocrx_word' id='word_1_228' title='bbox 318 1649 401 1682; x_wconf 80' lang='lat' dir='ltr'>defecisse</span> <span class='ocrx_word' id='word_1_229' title='bbox 412 1650 465 1682; x_wconf 85' lang='lat' dir='ltr'>tradit</span> <span class='ocrx_word' id='word_1_230' title='bbox 478 1649 504 1683; x_wconf 87' lang='grc'><strong>01.</strong></span> <span class='ocrx_word' id='word_1_231' title='bbox 511 1650 574 1691; x_wconf 79' lang='lat' dir='ltr'>XVII,</span> <span class='ocrx_word' id='word_1_232' title='bbox 583 1652 602 1690; x_wconf 94' lang='grc'>2,</span> <span class='ocrx_word' id='word_1_233' title='bbox 610 1659 625 1682; x_wconf 87' lang='lat' dir='ltr'>a.</span> <span class='ocrx_word' id='word_1_234' title='bbox 632 1650 710 1683; x_wconf 75' lang='lat' dir='ltr'>cnm.</span> <span class='ocrx_word' id='word_1_235' title='bbox 734 1649 751 1690; x_wconf 83' lang='lat'>3)</span> <span class='ocrx_word' id='word_1_236' title='bbox 763 1650 812 1682; x_wconf 78' lang='lat' dir='ltr'>iosa-</span> 
     </span>
     <span class='ocr_line' id='line_1_24' title="bbox 68 1706 812 1749; baseline -0.001 -10"><span class='ocrx_word' id='word_1_237' title='bbox 68 1717 109 1739; x_wconf 85' lang='lat' dir='ltr'>rnus</span> <span class='ocrx_word' id='word_1_238' title='bbox 121 1711 179 1739; x_wconf 87' lang='lat' dir='ltr'>antem</span> <span class='ocrx_word' id='word_1_239' title='bbox 192 1706 244 1738; x_wconf 86' lang='lat' dir='ltr'>Arch.</span> <span class='ocrx_word' id='word_1_240' title='bbox 256 1707 283 1747; x_wconf 89' lang='lat' dir='ltr'>X,</span> <span class='ocrx_word' id='word_1_241' title='bbox 296 1708 315 1746; x_wconf 92' lang='grc'>2,</span> <span class='ocrx_word' id='word_1_242' title='bbox 329 1707 338 1737; x_wconf 89' lang='grc'><strong>1</strong></span> <span class='ocrx_word' id='word_1_243' title='bbox 352 1706 424 1739; x_wconf 85' lang='lat' dir='ltr'>cundem</span> <span class='ocrx_word' id='word_1_244' title='bbox 438 1706 489 1739; x_wconf 85' lang='lat' dir='ltr'>docet</span> <span class='ocrx_word' id='word_1_245' title='bbox 501 1716 573 1747; x_wconf 86' lang='lat' dir='ltr'>annum,</span> <span class='ocrx_word' id='word_1_246' title='bbox 586 1717 620 1748; x_wconf 85' lang='lat' dir='ltr'>qno</span> <span class='ocrx_word' id='word_1_247' title='bbox 632 1706 696 1739; x_wconf 84' lang='lat' dir='ltr'>Hiskia</span> <span class='ocrx_word' id='word_1_248' title='bbox 707 1709 812 1749; x_wconf 77' lang='lat' dir='ltr'>aegrotavit3</span> 
     </span>
     <span class='ocr_line' id='line_1_25' title="bbox 69 1758 814 1807; baseline -0.003 -11"><span class='ocrx_word' id='word_1_249' title='bbox 69 1764 122 1796; x_wconf 84' lang='lat' dir='ltr'>rerba</span> <span class='ocrx_word' id='word_1_250' title='bbox 133 1765 169 1796; x_wconf 89' lang='lat' dir='ltr'>cius</span> <span class='ocrx_word' id='word_1_251' title='bbox 179 1764 222 1796; x_wconf 84' lang='lat' dir='ltr'>haec</span> <span class='ocrx_word' id='word_1_252' title='bbox 233 1767 281 1795; x_wconf 88' lang='lat' dir='ltr'>sunt:</span> <span class='ocrx_word' id='word_1_253' title='bbox 294 1758 378 1805; x_wconf 69' lang='grc' dir='ltr'>ἐντούτῳ</span> <span class='ocrx_word' id='word_1_254' title='bbox 385 1763 410 1807; x_wconf 76' lang='grc' dir='ltr'>τῷ</span> <span class='ocrx_word' id='word_1_255' title='bbox 415 1759 479 1806; x_wconf 68' lang='grc' dir='ltr'>χρόνῳ</span> <span class='ocrx_word' id='word_1_256' title='bbox 486 1764 554 1807; x_wconf 74' lang='grc' dir='ltr'>συνέβη</span> <span class='ocrx_word' id='word_1_257' title='bbox 561 1759 745 1805; x_wconf 68' lang='grc' dir='ltr'>τῆντῶνἈσσυρίων</span> <span class='ocrx_word' id='word_1_258' title='bbox 754 1760 814 1806; x_wconf 69' lang='grc' dir='ltr'><em>ἀρχὴν</em></span> 
     </span>
     <span class='ocr_line' id='line_1_26' title="bbox 69 1816 814 1862; baseline 0 -10"><span class='ocrx_word' id='word_1_259' title='bbox 69 1816 107 1853; x_wconf 71' lang='lat' dir='ltr'>tut</span> <span class='ocrx_word' id='word_1_260' title='bbox 120 1817 194 1862; x_wconf 71' lang='grc' dir='ltr'><em>Μήδων</em></span> <span class='ocrx_word' id='word_1_261' title='bbox 206 1819 338 1860; x_wconf 62' lang='lat' dir='ltr'>articulat-oric.</span> <span class='ocrx_word' id='word_1_262' title='bbox 363 1818 414 1858; x_wconf 77' lang='lat' dir='ltr'>Quod</span> <span class='ocrx_word' id='word_1_263' title='bbox 425 1821 543 1852; x_wconf 89' lang='lat' dir='ltr'>testimonium</span> <span class='ocrx_word' id='word_1_264' title='bbox 555 1825 574 1853; x_wconf 92' lang='lat' dir='ltr'>ut</span> <span class='ocrx_word' id='word_1_265' title='bbox 585 1822 697 1862; x_wconf 77' lang='lat' dir='ltr'>infringere-t,</span> <span class='ocrx_word' id='word_1_266' title='bbox 712 1819 814 1852; x_wconf 75' lang='lat' dir='ltr'>Bmiunisius</span> 
     </span>
     <span class='ocr_line' id='line_1_27' title="bbox 69 1875 814 1920; baseline -0.003 -10"><span class='ocrx_word' id='word_1_267' title='bbox 69 1878 143 1920; x_wconf 89' lang='lat' dir='ltr'>primum</span> <span class='ocrx_word' id='word_1_268' title='bbox 155 1882 223 1917; x_wconf 88' lang='lat' dir='ltr'>monet,</span> <span class='ocrx_word' id='word_1_269' title='bbox 235 1875 360 1916; x_wconf 67' lang='grc' dir='ltr'>καταλυθῆναι</span> <span class='ocrx_word' id='word_1_270' title='bbox 374 1876 396 1907; x_wconf 88' lang='lat' dir='ltr'>de</span> <span class='ocrx_word' id='word_1_271' title='bbox 408 1886 468 1909; x_wconf 78' lang='lat' dir='ltr'>everso</span> <span class='ocrx_word' id='word_1_272' title='bbox 480 1888 534 1919; x_wconf 77' lang='lat' dir='ltr'>regno</span> <span class='ocrx_word' id='word_1_273' title='bbox 546 1879 614 1918; x_wconf 78' lang='lat' dir='ltr'>valere3</span> <span class='ocrx_word' id='word_1_274' title='bbox 626 1877 678 1917; x_wconf 87' lang='lat' dir='ltr'>idque</span> <span class='ocrx_word' id='word_1_275' title='bbox 688 1878 725 1909; x_wconf 79' lang='lat' dir='ltr'>inre</span> <span class='ocrx_word' id='word_1_276' title='bbox 734 1887 765 1909; x_wconf 89' lang='lat' dir='ltr'>sno</span> <span class='ocrx_word' id='word_1_277' title='bbox 774 1888 814 1910; x_wconf 87' lang='lat' dir='ltr'>con-</span> 
     </span>
     <span class='ocr_line' id='line_1_28' title="bbox 71 1932 815 1976; baseline -0.001 -10"><span class='ocrx_word' id='word_1_278' title='bbox 71 1934 135 1976; x_wconf 69' lang='lat' dir='ltr'>tendit,</span> <span class='ocrx_word' id='word_1_279' title='bbox 151 1944 191 1966; x_wconf 90' lang='lat' dir='ltr'>nam</span> <span class='ocrx_word' id='word_1_280' title='bbox 202 1934 294 1966; x_wconf 85' lang='lat' dir='ltr'>Medorum</span> <span class='ocrx_word' id='word_1_281' title='bbox 310 1932 371 1965; x_wconf 86' lang='lat' dir='ltr'>seditio</span> <span class='ocrx_word' id='word_1_282' title='bbox 386 1942 447 1965; x_wconf 81' lang='lat' dir='ltr'>revera</span> <span class='ocrx_word' id='word_1_283' title='bbox 459 1934 547 1966; x_wconf 84' lang='lat' dir='ltr'>evertendi</span> <span class='ocrx_word' id='word_1_284' title='bbox 559 1934 626 1976; x_wconf 82' lang='lat' dir='ltr'>imperii</span> <span class='ocrx_word' id='word_1_285' title='bbox 638 1934 705 1966; x_wconf 89' lang='lat' dir='ltr'>initium</span> <span class='ocrx_word' id='word_1_286' title='bbox 718 1938 763 1974; x_wconf 82' lang='lat' dir='ltr'>erat3</span> <span class='ocrx_word' id='word_1_287' title='bbox 778 1938 815 1966; x_wconf 89' lang='lat' dir='ltr'>tum</span> 
     </span>
     <span class='ocr_line' id='line_1_29' title="bbox 70 1990 815 2033; baseline -0.001 -10"><span class='ocrx_word' id='word_1_288' title='bbox 70 2002 111 2024; x_wconf 79' lang='lat' dir='ltr'>reru</span> <span class='ocrx_word' id='word_1_289' title='bbox 123 1991 192 2023; x_wconf 74' lang='lat' dir='ltr'>iosmm</span> <span class='ocrx_word' id='word_1_290' title='bbox 204 1992 274 2023; x_wconf 86' lang='lat' dir='ltr'>omnino</span> <span class='ocrx_word' id='word_1_291' title='bbox 287 2000 363 2022; x_wconf 87' lang='lat' dir='ltr'>errorem</span> <span class='ocrx_word' id='word_1_292' title='bbox 374 1990 428 2022; x_wconf 81' lang='lat' dir='ltr'>fnisse</span> <span class='ocrx_word' id='word_1_293' title='bbox 443 1990 494 2031; x_wconf 83' lang='lat' dir='ltr'>dicit,</span> <span class='ocrx_word' id='word_1_294' title='bbox 510 1990 557 2032; x_wconf 87' lang='lat' dir='ltr'>qnod</span> <span class='ocrx_word' id='word_1_295' title='bbox 572 2001 593 2023; x_wconf 86' lang='lat' dir='ltr'>eo</span> <span class='ocrx_word' id='word_1_296' title='bbox 610 1995 687 2033; x_wconf 88' lang='lat' dir='ltr'>tempore</span> <span class='ocrx_word' id='word_1_297' title='bbox 702 1991 815 2032; x_wconf 74' lang='lat' dir='ltr'>Assyriorum</span> 
     </span>
     <span class='ocr_line' id='line_1_30' title="bbox 71 2046 815 2089; baseline 0 -10"><span class='ocrx_word' id='word_1_298' title='bbox 71 2058 142 2089; x_wconf 80' lang='lat' dir='ltr'>regnum</span> <span class='ocrx_word' id='word_1_299' title='bbox 155 2048 230 2080; x_wconf 83' lang='lat' dir='ltr'>deletum</span> <span class='ocrx_word' id='word_1_300' title='bbox 246 2048 362 2088; x_wconf 82' lang='lat' dir='ltr'>existimaret,</span> <span class='ocrx_word' id='word_1_301' title='bbox 381 2057 420 2079; x_wconf 85' lang='lat' dir='ltr'>cum</span> <span class='ocrx_word' id='word_1_302' title='bbox 431 2047 525 2080; x_wconf 83' lang='lat' dir='ltr'>Manassen</span> <span class='ocrx_word' id='word_1_303' title='bbox 542 2048 563 2081; x_wconf 86' lang='lat' dir='ltr'>ab</span> <span class='ocrx_word' id='word_1_304' title='bbox 576 2047 723 2087; x_wconf 83' lang='lat' dir='ltr'>Assarhaddone,</span> <span class='ocrx_word' id='word_1_305' title='bbox 739 2046 815 2089; x_wconf 85' lang='lat' dir='ltr'>Babylo-</span> 
     </span>
     <span class='ocr_line' id='line_1_31' title="bbox 71 2102 816 2151; baseline -0.001 -15"><span class='ocrx_word' id='word_1_306' title='bbox 71 2106 139 2136; x_wconf 89' lang='lat' dir='ltr'>niorum</span> <span class='ocrx_word' id='word_1_307' title='bbox 155 2108 172 2136; x_wconf 88' lang='lat' dir='ltr'>et</span> <span class='ocrx_word' id='word_1_308' title='bbox 188 2104 316 2151; x_wconf 78' lang='lat' dir='ltr'>Chaldaeorum</span> <span class='ocrx_word' id='word_1_309' title='bbox 330 2102 397 2144; x_wconf 79' lang='lat' dir='ltr'>(Arcu,</span> <span class='ocrx_word' id='word_1_310' title='bbox 409 2104 436 2145; x_wconf 85' lang='lat' dir='ltr'>X,</span> <span class='ocrx_word' id='word_1_311' title='bbox 454 2106 474 2145; x_wconf 82' lang='lat'>3,</span> <span class='ocrx_word' id='word_1_312' title='bbox 491 2104 511 2144; x_wconf 88' lang='grc'>2)</span> <span class='ocrx_word' id='word_1_313' title='bbox 527 2114 582 2147; x_wconf 86' lang='lat' dir='ltr'>neque</span> <span class='ocrx_word' id='word_1_314' title='bbox 597 2115 638 2137; x_wconf 87' lang='lat' dir='ltr'>vero</span> <span class='ocrx_word' id='word_1_315' title='bbox 650 2104 762 2146; x_wconf 73' lang='lat' dir='ltr'>Assyriorum</span> <span class='ocrx_word' id='word_1_316' title='bbox 774 2113 816 2146; x_wconf 80' lang='lat' dir='ltr'>rege</span> 
     </span>
     <span class='ocr_line' id='line_1_32' title="bbox 72 2160 816 2204; baseline -0.001 -10"><span class='ocrx_word' id='word_1_317' title='bbox 72 2165 178 2203; x_wconf 83' lang='lat' dir='ltr'>asportatum</span> <span class='ocrx_word' id='word_1_318' title='bbox 189 2161 274 2201; x_wconf 58' lang='lat' dir='ltr'>traderem</span> <span class='ocrx_word' id='word_1_319' title='bbox 286 2160 329 2193; x_wconf 86' lang='lat' dir='ltr'>haee</span> <span class='ocrx_word' id='word_1_320' title='bbox 341 2165 399 2194; x_wconf 89' lang='lat' dir='ltr'>autem</span> <span class='ocrx_word' id='word_1_321' title='bbox 411 2162 504 2204; x_wconf 82' lang='lat' dir='ltr'>appellatio</span> <span class='ocrx_word' id='word_1_322' title='bbox 517 2173 537 2194; x_wconf 90' lang='lat' dir='ltr'>eo</span> <span class='ocrx_word' id='word_1_323' title='bbox 549 2162 641 2194; x_wconf 83' lang='lat' dir='ltr'>referenda</span> <span class='ocrx_word' id='word_1_324' title='bbox 652 2166 685 2201; x_wconf 88' lang='lat' dir='ltr'>est,</span> <span class='ocrx_word' id='word_1_325' title='bbox 699 2161 744 2203; x_wconf 88' lang='lat' dir='ltr'>quod</span> <span class='ocrx_word' id='word_1_326' title='bbox 752 2161 816 2193; x_wconf 85' lang='lat' dir='ltr'>Assar-</span> 
     </span>
     <span class='ocr_line' id='line_1_33' title="bbox 71 2216 815 2261; baseline -0.001 -11"><span class='ocrx_word' id='word_1_327' title='bbox 71 2218 142 2251; x_wconf 88' lang='lat' dir='ltr'>haddon</span> <span class='ocrx_word' id='word_1_328' title='bbox 154 2219 227 2260; x_wconf 82' lang='lat' dir='ltr'>primum</span> <span class='ocrx_word' id='word_1_329' title='bbox 235 2216 336 2259; x_wconf 86' lang='lat' dir='ltr'>Babyloniis</span> <span class='ocrx_word' id='word_1_330' title='bbox 347 2228 379 2250; x_wconf 84' lang='lat' dir='ltr'>rex</span> <span class='ocrx_word' id='word_1_331' title='bbox 391 2219 481 2261; x_wconf 87' lang='lat' dir='ltr'>impositus</span> <span class='ocrx_word' id='word_1_332' title='bbox 493 2220 559 2260; x_wconf 81' lang='lat' dir='ltr'>fuerat,</span> <span class='ocrx_word' id='word_1_333' title='bbox 570 2223 632 2261; x_wconf 87' lang='lat' dir='ltr'>postea</span> <span class='ocrx_word' id='word_1_334' title='bbox 643 2219 711 2251; x_wconf 88' lang='lat' dir='ltr'>demum</span> <span class='ocrx_word' id='word_1_335' title='bbox 719 2216 815 2250; x_wconf 84' lang='lat' dir='ltr'>Sanheribo</span> 
     </span>
     <span class='ocr_line' id='line_1_34' title="bbox 72 2275 815 2318; baseline 0 -11"><span class='ocrx_word' id='word_1_336' title='bbox 72 2277 117 2318; x_wconf 84' lang='lat' dir='ltr'>patri</span> <span class='ocrx_word' id='word_1_337' title='bbox 129 2276 201 2307; x_wconf 79' lang='lat' dir='ltr'>sucessit</span> <span class='ocrx_word' id='word_1_338' title='bbox 212 2279 294 2316; x_wconf 77' lang='lat' dir='ltr'>tanquam</span> <span class='ocrx_word' id='word_1_339' title='bbox 305 2284 337 2306; x_wconf 81' lang='lat' dir='ltr'>rex</span> <span class='ocrx_word' id='word_1_340' title='bbox 348 2277 465 2316; x_wconf 88' lang='lat' dir='ltr'>Assyriorum.</span> <span class='ocrx_word' id='word_1_341' title='bbox 479 2276 568 2316; x_wconf 84' lang='lat' dir='ltr'>Ceterum,</span> <span class='ocrx_word' id='word_1_342' title='bbox 581 2276 649 2318; x_wconf 89' lang='lat' dir='ltr'>quando</span> <span class='ocrx_word' id='word_1_343' title='bbox 662 2275 718 2308; x_wconf 89' lang='lat' dir='ltr'>Ninus</span> <span class='ocrx_word' id='word_1_344' title='bbox 731 2279 748 2306; x_wconf 88' lang='lat' dir='ltr'>et</span> <span class='ocrx_word' id='word_1_345' title='bbox 761 2275 815 2316; x_wconf 87' lang='lat' dir='ltr'>Assy-</span> 
     </span>
     <span class='ocr_line' id='line_1_35' title="bbox 72 2331 816 2374; baseline -0.001 -10"><span class='ocrx_word' id='word_1_346' title='bbox 72 2334 116 2365; x_wconf 88' lang='lat' dir='ltr'>rium</span> <span class='ocrx_word' id='word_1_347' title='bbox 130 2332 179 2364; x_wconf 90' lang='lat' dir='ltr'>simul</span> <span class='ocrx_word' id='word_1_348' title='bbox 191 2331 281 2373; x_wconf 88' lang='lat' dir='ltr'>imperinm</span> <span class='ocrx_word' id='word_1_349' title='bbox 294 2340 371 2363; x_wconf 77' lang='lat' dir='ltr'>eversum</span> <span class='ocrx_word' id='word_1_350' title='bbox 378 2331 448 2372; x_wconf 84' lang='lat' dir='ltr'>fuisset,</span> <span class='ocrx_word' id='word_1_351' title='bbox 461 2343 496 2364; x_wconf 90' lang='lat' dir='ltr'>non</span> <span class='ocrx_word' id='word_1_352' title='bbox 503 2333 590 2374; x_wconf 79' lang='lat' dir='ltr'>ignoravit</span> <span class='ocrx_word' id='word_1_353' title='bbox 596 2333 679 2365; x_wconf 81' lang='lat' dir='ltr'>Iosrrnus</span> <span class='ocrx_word' id='word_1_354' title='bbox 687 2332 740 2364; x_wconf 83' lang='lat' dir='ltr'>Arch.</span> <span class='ocrx_word' id='word_1_355' title='bbox 748 2331 781 2372; x_wconf 82' lang='lat' dir='ltr'>IX,</span> <span class='ocrx_word' id='word_1_356' title='bbox 789 2333 816 2371; x_wconf 84' lang='lat'>11,</span> 
     </span>
     <span class='ocr_line' id='line_1_36' title="bbox 73 2388 816 2429; baseline 0 -8"><span class='ocrx_word' id='word_1_357' title='bbox 73 2400 111 2421; x_wconf 89' lang='lat' dir='ltr'>cnm</span> <span class='ocrx_word' id='word_1_358' title='bbox 123 2389 222 2422; x_wconf 87' lang='lat' dir='ltr'>Nahnmum</span> <span class='ocrx_word' id='word_1_359' title='bbox 234 2388 313 2421; x_wconf 86' lang='lat' dir='ltr'>Iothamo</span> <span class='ocrx_word' id='word_1_360' title='bbox 326 2397 366 2429; x_wconf 81' lang='lat' dir='ltr'>rege</span> <span class='ocrx_word' id='word_1_361' title='bbox 378 2388 490 2428; x_wconf 55' lang='grc'><strong>(158*742)</strong></span> <span class='ocrx_word' id='word_1_362' title='bbox 506 2388 528 2421; x_wconf 89' lang='lat' dir='ltr'>de</span> <span class='ocrx_word' id='word_1_363' title='bbox 539 2389 586 2422; x_wconf 88' lang='lat' dir='ltr'>Nino</span> <span class='ocrx_word' id='word_1_364' title='bbox 602 2390 714 2421; x_wconf 82' lang='lat' dir='ltr'>vaticinatum</span> <span class='ocrx_word' id='word_1_365' title='bbox 730 2397 768 2420; x_wconf 88' lang='lat' dir='ltr'>esse</span> <span class='ocrx_word' id='word_1_366' title='bbox 781 2392 816 2421; x_wconf 87' lang='lat' dir='ltr'>tra-</span> 
     </span>
     <span class='ocr_line' id='line_1_37' title="bbox 73 2444 843 2486; baseline 0.001 -9"><span class='ocrx_word' id='word_1_367' title='bbox 73 2446 131 2485; x_wconf 86' lang='lat' dir='ltr'>deret,</span> <span class='ocrx_word' id='word_1_368' title='bbox 147 2445 197 2479; x_wconf 80' lang='lat' dir='ltr'>CXV</span> <span class='ocrx_word' id='word_1_369' title='bbox 212 2456 268 2479; x_wconf 86' lang='lat' dir='ltr'>annos</span> <span class='ocrx_word' id='word_1_370' title='bbox 284 2449 323 2477; x_wconf 86' lang='lat' dir='ltr'>ante</span> <span class='ocrx_word' id='word_1_371' title='bbox 339 2444 405 2477; x_wconf 86' lang='lat' dir='ltr'>Ninum</span> <span class='ocrx_word' id='word_1_372' title='bbox 420 2454 506 2486; x_wconf 79' lang='lat' dir='ltr'>euersam,</span> <span class='ocrx_word' id='word_1_373' title='bbox 526 2446 537 2478; x_wconf 92' lang='lat' dir='ltr'>i.</span> <span class='ocrx_word' id='word_1_374' title='bbox 550 2456 565 2478; x_wconf 86' lang='lat' dir='ltr'>e.</span> <span class='ocrx_word' id='word_1_375' title='bbox 581 2455 596 2478; x_wconf 88' lang='lat' dir='ltr'>a.</span> <span class='ocrx_word' id='word_1_376' title='bbox 612 2444 651 2478; x_wconf 79' lang='grc'><strong>621.</strong></span> <span class='ocrx_word' id='word_1_377' title='bbox 679 2446 697 2481; x_wconf 76' lang='grc'>4)</span> <span class='ocrx_word' id='word_1_378' title='bbox 711 2445 817 2478; x_wconf 82' lang='lat' dir='ltr'>Hunororus</span> <span class='ocrx_word' id='word_1_379' title='bbox 842 2482 843 2485; x_wconf 11' lang='grc' dir='ltr'><strong>Ἴ</strong></span> 
     </span>
    </p>

    <p class='ocr_par' dir='ltr' id='par_1_6' title="bbox 73 2501 858 2944">
     <span class='ocr_line' id='line_1_38' title="bbox 73 2501 858 2545; baseline -0.001 -10"><span class='ocrx_word' id='word_1_380' title='bbox 73 2502 144 2543; x_wconf 82' lang='lat' dir='ltr'>Medos,</span> <span class='ocrx_word' id='word_1_381' title='bbox 160 2507 272 2545; x_wconf 84' lang='lat' dir='ltr'>posteaquam</span> <span class='ocrx_word' id='word_1_382' title='bbox 284 2501 386 2534; x_wconf 86' lang='lat' dir='ltr'>defecissent</span> <span class='ocrx_word' id='word_1_383' title='bbox 399 2502 427 2543; x_wconf 80' lang='grc' dir='ltr'>(Ι,</span> <span class='ocrx_word' id='word_1_384' title='bbox 440 2503 467 2535; x_wconf 81' lang='grc'>95.</span> <span class='ocrx_word' id='word_1_385' title='bbox 481 2503 519 2535; x_wconf 82' lang='grc'><strong>130.</strong></span> <span class='ocrx_word' id='word_1_386' title='bbox 532 2502 615 2543; x_wconf 57' lang='grc'><strong>1011111,</strong></span> <span class='ocrx_word' id='word_1_387' title='bbox 628 2501 658 2543; x_wconf 81' lang='lat' dir='ltr'>l),</span> <span class='ocrx_word' id='word_1_388' title='bbox 671 2504 754 2540; x_wconf 75' lang='lat' dir='ltr'>128†2s</span> <span class='ocrx_word' id='word_1_389' title='bbox 767 2504 817 2535; x_wconf 83' lang='lat' dir='ltr'>annis</span> <span class='ocrx_word' id='word_1_390' title='bbox 856 2541 858 2543; x_wconf 45' lang='lat'>.</span> 
     </span>
     <span class='ocr_line' id='line_1_39' title="bbox 74 2559 816 2602; baseline 0.001 -11"><span class='ocrx_word' id='word_1_391' title='bbox 74 2561 108 2591; x_wconf 85' lang='lat' dir='ltr'>suis</span> <span class='ocrx_word' id='word_1_392' title='bbox 120 2559 186 2600; x_wconf 78' lang='lat' dir='ltr'>legibus</span> <span class='ocrx_word' id='word_1_393' title='bbox 198 2560 276 2602; x_wconf 87' lang='lat' dir='ltr'>paruisse</span> <span class='ocrx_word' id='word_1_394' title='bbox 288 2559 347 2602; x_wconf 66' lang='lat' dir='ltr'>docet,</span> <span class='ocrx_word' id='word_1_395' title='bbox 360 2569 402 2601; x_wconf 82' lang='lat' dir='ltr'>quos</span> <span class='ocrx_word' id='word_1_396' title='bbox 411 2568 475 2600; x_wconf 87' lang='lat' dir='ltr'>anuos,</span> <span class='ocrx_word' id='word_1_397' title='bbox 483 2560 513 2592; x_wconf 92' lang='lat' dir='ltr'>ubi</span> <span class='ocrx_word' id='word_1_398' title='bbox 521 2568 531 2592; x_wconf 96' lang='lat' dir='ltr'>a</span> <span class='ocrx_word' id='word_1_399' title='bbox 539 2561 595 2602; x_wconf 87' lang='lat' dir='ltr'>primo</span> <span class='ocrx_word' id='word_1_400' title='bbox 604 2559 645 2601; x_wconf 83' lang='lat' dir='ltr'>Oyri</span> <span class='ocrx_word' id='word_1_401' title='bbox 653 2568 708 2600; x_wconf 89' lang='lat' dir='ltr'>anno,</span> <span class='ocrx_word' id='word_1_402' title='bbox 716 2561 745 2600; x_wconf 89' lang='lat' dir='ltr'>qui</span> <span class='ocrx_word' id='word_1_403' title='bbox 752 2560 816 2601; x_wconf 89' lang='lat' dir='ltr'>Astya-</span> 
     </span>
     <span class='ocr_line' id='line_1_40' title="bbox 74 2616 816 2659; baseline 0 -11"><span class='ocrx_word' id='word_1_404' title='bbox 74 2617 100 2657; x_wconf 78' lang='lat' dir='ltr'>gis</span> <span class='ocrx_word' id='word_1_405' title='bbox 111 2616 200 2658; x_wconf 88' lang='lat' dir='ltr'>imperinm</span> <span class='ocrx_word' id='word_1_406' title='bbox 214 2618 284 2657; x_wconf 80' lang='lat' dir='ltr'>euertit,</span> <span class='ocrx_word' id='word_1_407' title='bbox 296 2622 343 2649; x_wconf 85' lang='lat' dir='ltr'>retro</span> <span class='ocrx_word' id='word_1_408' title='bbox 355 2620 463 2659; x_wconf 86' lang='lat' dir='ltr'>reputamus,</span> <span class='ocrx_word' id='word_1_409' title='bbox 475 2616 558 2649; x_wconf 87' lang='lat' dir='ltr'>habemns</span> <span class='ocrx_word' id='word_1_410' title='bbox 570 2616 729 2655; x_wconf 68' lang='lat' dir='ltr'>ess†156:7143</span> <span class='ocrx_word' id='word_1_411' title='bbox 741 2625 782 2648; x_wconf 84' lang='lat' dir='ltr'>nam</span> <span class='ocrx_word' id='word_1_412' title='bbox 794 2618 816 2648; x_wconf 79' lang='lat'>28</span> 
     </span>
     <span class='ocr_line' id='line_1_41' title="bbox 75 2672 818 2716; baseline -0.001 -11"><span class='ocrx_word' id='word_1_413' title='bbox 75 2683 129 2706; x_wconf 85' lang='lat' dir='ltr'>annos</span> <span class='ocrx_word' id='word_1_414' title='bbox 141 2672 189 2713; x_wconf 78' lang='lat' dir='ltr'>illos,</span> <span class='ocrx_word' id='word_1_415' title='bbox 205 2673 265 2714; x_wconf 84' lang='lat' dir='ltr'>quibus</span> <span class='ocrx_word' id='word_1_416' title='bbox 278 2672 353 2716; x_wconf 86' lang='lat' dir='ltr'>Scythae</span> <span class='ocrx_word' id='word_1_417' title='bbox 365 2674 485 2714; x_wconf 85' lang='lat' dir='ltr'>dominarunt,</span> <span class='ocrx_word' id='word_1_418' title='bbox 501 2673 591 2706; x_wconf 86' lang='lat' dir='ltr'>addendos</span> <span class='ocrx_word' id='word_1_419' title='bbox 604 2682 659 2715; x_wconf 86' lang='lat' dir='ltr'>neque</span> <span class='ocrx_word' id='word_1_420' title='bbox 671 2682 713 2704; x_wconf 84' lang='lat' dir='ltr'>vero</span> <span class='ocrx_word' id='word_1_421' title='bbox 726 2672 818 2705; x_wconf 83' lang='lat' dir='ltr'>detrahen-</span> 
     </span>
     <span class='ocr_line' id='line_1_42' title="bbox 75 2719 818 2772; baseline -0.003 -8"><span class='ocrx_word' id='word_1_422' title='bbox 75 2731 106 2764; x_wconf 87' lang='lat' dir='ltr'>dos</span> <span class='ocrx_word' id='word_1_423' title='bbox 121 2739 219 2770; x_wconf 73' lang='lat' dir='ltr'>censemuS,</span> <span class='ocrx_word' id='word_1_424' title='bbox 235 2729 265 2762; x_wconf 84' lang='lat' dir='ltr'>cir.</span> <span class='ocrx_word' id='word_1_425' title='bbox 280 2729 368 2763; x_wconf 83' lang='lat' dir='ltr'>Duncuum</span> <span class='ocrx_word' id='word_1_426' title='bbox 385 2719 447 2764; x_wconf 78' lang='lat' dir='ltr'>Gesoh.</span> <span class='ocrx_word' id='word_1_427' title='bbox 464 2731 494 2764; x_wconf 89' lang='lat' dir='ltr'>des</span> <span class='ocrx_word' id='word_1_428' title='bbox 510 2731 586 2764; x_wconf 86' lang='lat' dir='ltr'>Alterth.</span> <span class='ocrx_word' id='word_1_429' title='bbox 600 2730 618 2771; x_wconf 90' lang='lat' dir='ltr'>I,</span> <span class='ocrx_word' id='word_1_430' title='bbox 633 2731 698 2772; x_wconf 73' lang='lat' dir='ltr'>pati.</span> <span class='ocrx_word' id='word_1_431' title='bbox 715 2729 818 2763; x_wconf 77' lang='lat' dir='ltr'>Bmmsms</span> 
     </span>
     <span class='ocr_line' id='line_1_43' title="bbox 75 2787 818 2830; baseline -0.003 -9"><span class='ocrx_word' id='word_1_432' title='bbox 75 2794 133 2821; x_wconf 86' lang='lat' dir='ltr'>antem</span> <span class='ocrx_word' id='word_1_433' title='bbox 145 2797 155 2820; x_wconf 87' lang='lat' dir='ltr'>a</span> <span class='ocrx_word' id='word_1_434' title='bbox 166 2788 221 2829; x_wconf 85' lang='lat' dir='ltr'>primo</span> <span class='ocrx_word' id='word_1_435' title='bbox 233 2787 309 2828; x_wconf 85' lang='lat' dir='ltr'>Agronis</span> <span class='ocrx_word' id='word_1_436' title='bbox 321 2788 410 2830; x_wconf 87' lang='lat' dir='ltr'>Lydorum</span> <span class='ocrx_word' id='word_1_437' title='bbox 421 2790 467 2830; x_wconf 80' lang='lat' dir='ltr'>regis</span> <span class='ocrx_word' id='word_1_438' title='bbox 480 2798 534 2828; x_wconf 87' lang='lat' dir='ltr'>anno,</span> <span class='ocrx_word' id='word_1_439' title='bbox 551 2788 605 2828; x_wconf 84' lang='grc'><strong>1221,</strong></span> <span class='ocrx_word' id='word_1_440' title='bbox 613 2787 710 2829; x_wconf 84' lang='lat' dir='ltr'>profectus,</span> <span class='ocrx_word' id='word_1_441' title='bbox 722 2788 783 2828; x_wconf 87' lang='lat' dir='ltr'>quibus</span> <span class='ocrx_word' id='word_1_442' title='bbox 796 2787 818 2819; x_wconf 83' lang='lat'>52</span> 
     </span>
     <span class='ocr_line' id='line_1_44' title="bbox 75 2843 820 2888; baseline -0.004 -10"><span class='ocrx_word' id='word_1_443' title='bbox 75 2845 118 2878; x_wconf 86' lang='lat' dir='ltr'>Nini</span> <span class='ocrx_word' id='word_1_444' title='bbox 129 2845 183 2888; x_wconf 90' lang='lat' dir='ltr'>patris</span> <span class='ocrx_word' id='word_1_445' title='bbox 195 2854 250 2877; x_wconf 86' lang='lat' dir='ltr'>annos</span> <span class='ocrx_word' id='word_1_446' title='bbox 262 2844 311 2876; x_wconf 86' lang='lat' dir='ltr'>addit</span> <span class='ocrx_word' id='word_1_447' title='bbox 322 2843 360 2884; x_wconf 82' lang='lat' dir='ltr'>(cfr.</span> <span class='ocrx_word' id='word_1_448' title='bbox 372 2845 385 2878; x_wconf 96' lang='grc'><strong>1.</strong></span> <span class='ocrx_word' id='word_1_449' title='bbox 394 2846 405 2877; x_wconf 92' lang='lat' dir='ltr'>i.</span> <span class='ocrx_word' id='word_1_450' title='bbox 416 2856 433 2888; x_wconf 89' lang='lat' dir='ltr'>p.</span> <span class='ocrx_word' id='word_1_451' title='bbox 442 2846 464 2887; x_wconf 85' lang='lat'>3),</span> <span class='ocrx_word' id='word_1_452' title='bbox 480 2845 561 2878; x_wconf 85' lang='lat' dir='ltr'>detractis</span> <span class='ocrx_word' id='word_1_453' title='bbox 573 2844 607 2878; x_wconf 79' lang='grc'><strong>520</strong></span> <span class='ocrx_word' id='word_1_454' title='bbox 619 2845 678 2885; x_wconf 86' lang='lat' dir='ltr'>anuis,</span> <span class='ocrx_word' id='word_1_455' title='bbox 690 2844 751 2884; x_wconf 86' lang='lat' dir='ltr'>quibus</span> <span class='ocrx_word' id='word_1_456' title='bbox 764 2845 820 2885; x_wconf 90' lang='lat' dir='ltr'>Assy-</span> 
     </span>
     <span class='ocr_line' id='line_1_45' title="bbox 76 2901 818 2944; baseline -0.005 -7"><span class='ocrx_word' id='word_1_457' title='bbox 76 2906 110 2937; x_wconf 93' lang='lat' dir='ltr'>rios</span> <span class='ocrx_word' id='word_1_458' title='bbox 126 2905 180 2936; x_wconf 89' lang='lat' dir='ltr'>Asiae</span> <span class='ocrx_word' id='word_1_459' title='bbox 196 2902 290 2935; x_wconf 88' lang='lat' dir='ltr'>dominium</span> <span class='ocrx_word' id='word_1_460' title='bbox 305 2901 381 2943; x_wconf 80' lang='lat' dir='ltr'>tenuisse</span> <span class='ocrx_word' id='word_1_461' title='bbox 395 2901 450 2934; x_wconf 87' lang='lat' dir='ltr'>tradit</span> <span class='ocrx_word' id='word_1_462' title='bbox 465 2902 490 2944; x_wconf 76' lang='grc' dir='ltr'>(Ι,</span> <span class='ocrx_word' id='word_1_463' title='bbox 502 2902 540 2943; x_wconf 75' lang='grc'>95),</span> <span class='ocrx_word' id='word_1_464' title='bbox 559 2901 581 2934; x_wconf 83' lang='lat' dir='ltr'>ad</span> <span class='ocrx_word' id='word_1_465' title='bbox 598 2911 613 2933; x_wconf 85' lang='lat' dir='ltr'>a.</span> <span class='ocrx_word' id='word_1_466' title='bbox 627 2901 660 2934; x_wconf 71' lang='lat'>753</span> <span class='ocrx_word' id='word_1_467' title='bbox 673 2901 752 2943; x_wconf 89' lang='lat' dir='ltr'>pervenit</span> <span class='ocrx_word' id='word_1_468' title='bbox 767 2901 818 2942; x_wconf 82' lang='grc'><strong>(1221</strong></span> 
     </span>
    </p>
   </div>
   <div class='ocr_carea' id='block_1_5' title="bbox 0 0 965 3264">
    <p class='ocr_par' dir='ltr' id='par_1_7' title="bbox 0 0 965 3264">
     <span class='ocr_line' id='line_1_46' title="bbox 0 0 965 3264; baseline 0 0"><span class='ocrx_word' id='word_1_469' title='bbox 0 0 965 3264; x_wconf 95' lang='lat' dir='ltr'> </span> 
     </span>
    </p>
   </div>
  </div>
 </body>
</html>
