1889 3264
80 129 111 176 24
356 133 404 173 Cur.
414 134 434 182 1,
446 144 465 172 r.
475 137 540 172 1-11.

78 258 154 309 magis,
170 269 214 295 cnm
226 257 276 296 duos
288 257 347 297 etiam
358 258 482 309 psalmorum
493 257 549 297 locos
559 257 634 297 relatos
645 260 684 298 hoc
695 272 754 299 versu
765 272 820 311 repe-

78 326 194 364 11011110.-
214 325 283 364 Verbo
295 336 329 367 nr
341 326 424 364 nimium
435 327 558 374 tribuerunt,
571 326 605 377 qui
617 327 714 376 amando,
726 328 820 376 curando,

78 393 151 431 tuendo
167 393 305 441 reddiderunt,
320 383 399 441 Deua,
417 393 539 442 Onerum,
552 392 630 433 Gesner.
645 395 709 441 them,
730 408 754 433 ca
769 395 821 433 enim

78 461 134 498 notio
147 460 202 498 nullo
213 460 314 511 flagitatur
326 461 429 511 euenrp103
445 474 517 511 parum
528 461 587 499 etiam
598 461 691 500 viderunt
702 461 729 510 ii,
743 462 777 512 qui
789 475 821 501 so-

78 528 119 567 lam
139 527 270 580 cognoscendi
287 528 326 567 vim
346 529 471 567 retinuerunt
485 528 578 576 Ounno„
594 528 661 568 Banu.
677 529 725 580 (qui
740 529 822 580 insuper

79 601 161 635 notares
176 601 275 644 veterum,
290 594 429 651 γνωστῆρας,
444 597 466 635 in
481 596 650 647 comparationem
661 596 769 647 advocat),
786 610 823 636 nec

79 676 120 701 non
131 663 205 703 11110111
218 663 289 712 „norit
299 668 396 716 tanquam
408 664 497 703 cordium
509 669 608 703 scrutator
612 678 617 712 3
624 666 637 687 ‘⁶
649 677 696 703 nam
706 665 753 703 lieet
764 677 821 714 prac-

79 731 133 770 clare
144 732 231 782 disputet
241 730 346 770 Hauosrn.
358 731 384 771 ad
394 732 428 771 Ps.
437 732 459 780 I,
471 734 494 780 5,
506 731 639 782 cognitionem
650 732 699 771 satis
711 745 765 780 esse,
783 731 822 770 nisi

79 800 132 837 torte
143 811 187 837 cum
199 811 222 837 ea
233 798 321 838 inclusus
332 797 353 837 in
365 800 421 838 coelo
433 800 481 839 deus
493 799 520 838 sit
525 813 531 847 ς
545 812 596 851 quae
605 800 677 848 desint,
689 813 713 839 ea
722 812 748 838 ex
756 799 823 838 indole

79 866 121 905 cius
133 872 153 905 et
164 871 236 905 natura
247 872 319 917 sponte
330 868 435 919 consequi,
445 890 469 896 —-
480 879 522 905 non
532 867 583 906 tanti
591 873 658 906 tamen
666 867 753 906 facerent
764 867 785 905 11.
795 880 821 906 se.

79 938 149 972 notum
160 946 204 973 esse
215 933 303 973 Domino
316 933 366 973 Gen.
374 935 456 983 XVIII,
469 937 499 982 13;
512 935 558 973 Am.
566 934 608 984 111,
620 938 643 983 23
654 935 689 974 Ps.
700 934 791 982 CXLIV,
804 937 822 983 3,

80 1007 99 1040 et
111 1001 191 1040 nouisse
202 1002 260 1040 deum
271 1002 306 1041 ΡΞ.
316 1002 418 1051 LXXIII,
431 1007 463 1050 11,
475 1002 514 1041 nisi
524 1002 585 1041 latius
596 1002 665 1053 paullo
676 1008 763 1052 pateret:
781 1002 822 1040 imo

79 1081 120 1107 non
140 1074 225 1107 mentem
242 1069 307 1108 solum
323 1074 401 1120 spectat
420 1070 452 1108 hie
468 1070 563 1108 noscendi
579 1082 638 1117 usus,
659 1084 728 1108 verum
744 1082 823 1108 omnem

79 1136 167 1175 arrimum
174 1142 194 1175 et
199 1136 307 1187 ingenium,
316 1137 373 1176 sicuti
382 1138 431 1176 bene
439 1137 490 1176 vidit
499 1136 602 1176 Goussm.
611 1137 651 1175 lex.
661 1150 681 1187 p.
690 1140 735 1175 590:
748 1149 823 1187 „saepe

79 1204 171 1256 designat
187 1204 270 1256 aliquod
285 1204 383 1244 amicitiae
398 1205 508 1253 vinculum,
527 1216 571 1243 cnm
583 1203 657 1242 scilieet
673 1204 771 1243 rationem
787 1204 823 1242 ali-

80 1272 135 1311 0111110
146 1273 220 1320 habes,
232 1272 277 1311 aliis
289 1272 365 1312 dicens:
387 1273 453 1311 nescio
465 1285 513 1321 vos,
525 1277 548 1310 ut
559 1270 651 1311 Christus
662 1272 762 1323 loquitur,
776 1284 824 1310 con-

79 1345 177 1391 notatque
187 1340 250 1387 illius,
268 1353 326 1391 quem
342 1340 404 1379 amice
419 1340 512 1390 respicis,
528 1340 650 1390 reciprocam
665 1340 687 1378 in
702 1344 722 1396 te
737 1352 823 1390 propen-

80 1408 178 1446 sionem.“
201 1408 240 1446 Est
251 1420 298 1458 ergo
311 1408 351 1446 tale
363 1408 422 1459 quid:
438 1420 526 1459 agnosco
538 1407 625 1458 aliquem
637 1419 680 1446 esse
691 1420 756 1445 meum
769 1415 788 1445 et
799 1408 826 1445 ad

80 1488 112 1514 me
129 1475 238 1525 pertinere3
259 1476 294 1514 cfr.
311 1475 362 1515 Hos.
371 1475 433 1524 XIII,
450 1477 472 1523 53
493 1475 589 1523 Am.HI,
606 1477 628 1524 23
650 1462 662 1512 1'
672 1473 718 1513 Cor.
727 1474 788 1523 VIII,
801 1478 823 1522 33

79 1543 149 1581 Ioann.
158 1542 190 1590 X,
203 1546 234 1590 143
251 1543 269 1581 is
281 1543 333 1581 enim
345 1543 362 1582 si
374 1548 404 1582 est
416 1555 497 1590 sensus,
513 1555 560 1581 vere
572 1542 620 1580 dicit
631 1540 651 1581 S.
661 1541 738 1581 Paulus
750 1544 760 1579 2
770 1538 823 1581 Tim.

79 1609 111 1659 Π,
125 1613 156 1658 19,
168 1611 219 1648 bene
230 1623 274 1649 esse
285 1610 310 1648 de
321 1610 404 1662 singulis
415 1610 528 1648 hominibus
543 1623 606 1661 aeque
618 1622 642 1648 ao
653 1609 678 1647 de
689 1609 783 1648 uniuersa
794 1622 825 1648 ec-

80 1678 152 1726 clesia,
164 1677 198 1715 uti
209 1678 292 1716 firmiter
303 1679 352 1717 haee
364 1679 403 1717 duo
416 1683 468 1717 stent
478 1683 575 1729 tanquam
583 1677 741 1727 fundamentum:
754 1678 825 1726 „novit

80 1745 180 1784 Dominus
192 1756 252 1793 suos,
265 1750 294 1783 et:
306 1746 387 1784 recedat
399 1746 424 1783 ab
435 1745 551 1796 iniquitate,
564 1745 599 1795 qui
609 1744 691 1783 Domini
705 1757 777 1783 nomen
789 1758 825 1795 ap->

79 1813 161 1864 pellat.“
174 1835 198 1840 -
214 1812 279 1851 Novit
290 1819 356 1852 autem
367 1814 426 1861 deus,
439 1812 473 1864 qui
485 1813 587 1851 confidunt
598 1812 626 1860 ei,
638 1825 702 1864 neque
714 1824 761 1850 vero
774 1813 825 1864 „qui

79 1881 211 1931 confugerunt
222 1882 248 1919 ad
260 1884 318 1919 011111ιι
327 1880 408 1931 (Mrem,
420 1881 493 1929 Boiu,
505 1880 619 1932 Hennam),
636 1880 670 1918 cfr.
679 1878 785 1937 HENGSTB.
798 1880 824 1918 ad

79 1949 113 1988 Pe.
123 1948 155 1998 H,
172 1951 199 1986 la.
232 1949 264 1987 De
281 1954 334 1987 statu
350 1954 462 1987 constructo
481 1961 525 1986 cum
540 1938 689 1998 praepositione
705 1947 824 1997 composito,

79 2017 142 2055 veluti
156 2028 182 2065 η]
197 2027 237 2059 utu
256 2016 290 2055 Ps,
299 2016 329 2065 V,
342 2019 374 2064 12,
392 2010 479 2055 diximus
492 2027 553 2065 supra
564 2015 590 2053 ad
602 2029 620 2053 v.
629 2017 646 2052 5.
672 2014 743 2053 Refert
758 2020 825 2053 autem

79 2085 117 2123 hoc
128 2084 238 2122 membrum
249 2096 319 2122 verens
330 2089 399 2134 aperte
410 2083 444 2122 rs.
453 2083 475 2131 I,
488 2086 498 2121 6
516 2082 587 2131 „novit
599 2083 651 2121 viam
667 2082 766 2121 iustorum
771 2085 792 2131 ,⁶⁶
805 2088 825 2120 01

79 2152 110 2200 II,
124 2155 145 2189 12
163 2151 236 2199 „beati
248 2163 316 2190 omnes
328 2152 363 2202 qui
374 2151 476 2189 confidunt
487 2150 530 2199 ei,⁴‘
547 2150 601 2202 quod
617 2149 663 2189 licet
678 2163 719 2188 non
731 2151 755 2189 de
766 2156 825 2201 patre

79 2220 114 2259 sed
126 2220 151 2257 de
161 2219 202 2257 filio
215 2219 350 2269 praedicetur,
369 2219 415 2257 huic
430 2224 495 2257 tamen
511 2219 536 2257 ob
553 2218 640 2258 diuinam
657 2223 677 2256 et
695 2223 787 2257 naturam
805 2223 826 2256 et

79 2286 195 2339 dignitatem
207 2287 306 2325 tribuitur.

113 2354 205 2393 Ceterum
217 2355 249 2393 hic
260 2367 329 2394 uersus
341 2368 383 2394 non
395 2355 484 2394 solamen
496 2355 560 2393 solum
571 2355 633 2393 habet
644 2367 716 2406 graue,
734 2365 824 2404 praeser-

79 2423 114 2461 tim
126 2435 171 2460 cum
182 2422 252 2472 paucis
265 2424 322 2462 annis
334 2429 380 2461 aute
391 2423 429 2461 hac
446 2423 565 2461 confidentia
584 2422 616 2461 dei
627 2421 722 2460 vindicati
734 2427 800 2461 esseut
812 2436 824 2460 a

79 2491 201 2538 Sarrheribo,
219 2490 253 2529 sed
270 2502 351 2541 gravem
368 2490 427 2529 etiam
443 2490 626 2538 commonitionem,
644 2490 706 2528 neat
724 2489 765 2528 ullo
784 2489 824 2528 alio

78 2558 147 2597 Iudaei
158 2558 196 2597 nisi
208 2571 220 2596 a
233 2558 269 2596 deo
282 2570 318 2597 suo
331 2563 434 2609 sperarent
445 2558 529 2597 salutem
545 2558 566 2596 in
578 2557 678 2608 praesenti
689 2558 824 2597 tribulatione.

79 2626 133 2676 Quid
145 2626 196 2664 enim
208 2626 294 2676 saepius,
308 2627 356 2677 quid
368 2626 456 2665 seuerius
468 2626 544 2676 populo
553 2626 679 2675 improbraut
687 2631 751 2673 vates,
765 2639 825 2677 quam

79 2695 133 2746 quod
145 2694 166 2731 in
178 2694 268 2733 curribus
281 2700 300 2733 ct
312 2695 379 2745 equis,
393 2706 457 2745 neque
469 2706 516 2732 vero
528 2693 549 2731 in
561 2693 648 2732 Domino
661 2695 707 2732 vivo
720 2706 776 2733 suam
788 2706 824 2744 po-

79 2767 147 2800 nerent
165 2761 257 2800 fiduciam
274 2768 293 2800 01
308 2776 364 2813 spem
382 2762 452 2801 auxilii
468 2767 537 2800 contra
554 2761 627 2801 hostes.
657 2761 740 2800 Nullam
759 2766 824 2799 auteur

79 2830 110 2869 hic
126 2831 293 2880 praedictionem,
311 2831 346 2870 sed
358 2831 431 2869 midam
449 2830 480 2869 olei
498 2830 650 2880 descriptionem
666 2844 678 2868 a
694 2829 785 2869 bonitate
806 2833 825 2867 et
