1889 3264
91 608 94 612 ,
121 511 123 514 ’
183 529 370 620 annnam
392 555 445 621 nr
470 528 722 645 nnrnnmnnl.

115 812 131 843 p.
140 802 196 840 XIII,
210 801 220 831 l.
229 802 251 832 23
263 801 302 842 lege
314 803 337 834 sis
350 803 404 835 CXV.
697 838 699 842 ,

114 869 130 899 p.
139 857 204 897 XXII,
220 861 256 888 not.
271 857 283 888 l.
296 858 312 891 5.
328 859 358 890 cfr.
375 859 490 892 Gnornnnnnn
506 859 647 900 disputationem:
663 859 697 891 Die
713 858 825 893 Steinlrnndo

81 913 111 946 der
122 913 190 954 Babyll.
203 923 219 944 n.
232 913 282 952 Ass,
294 913 324 945 cfr.
333 914 448 956 Erlauterung
456 915 487 947 der
494 915 617 947 Keilschriften
628 915 761 957 babylonischer
768 915 824 949 Back-

80 968 220 1010 stein-Cylinder.
234 970 287 1009 reta,
300 980 317 1011 p.
327 962 407 1003 ra'-2a.

114 1038 130 1068 p.
138 1025 194 1058 XXII
202 1035 223 1056 ss.
259 1024 303 1057 Cum
319 1027 418 1068 opusculum
434 1032 513 1060 nostrum
529 1029 575 1070 typis
589 1032 644 1061 totum
657 1032 702 1061 essct
714 1024 824 1071 exscriptum,

48 1117 49 1120 ,
79 1084 151 1115 feliciter
162 1082 227 1122 evenit,
240 1086 259 1113 ut
270 1083 382 1115 novissimum
393 1083 470 1116 Lernam
482 1085 544 1116 librum
556 1084 608 1117 modo
624 1085 689 1117 editum
702 1086 823 1127 acciperemus,

80 1141 106 1172 cui
118 1141 218 1182 inscriptum
234 1142 268 1170 est:
285 1138 405 1179 ,Discoveries
421 1141 439 1172 in
455 1141 484 1172 the
498 1142 545 1172 ruins
562 1141 582 1172 of
591 1141 672 1174 Nineveh
688 1140 723 1172 and
737 1140 823 1183 Babylon,

79 1196 122 1229 with
134 1197 197 1228 travels
209 1196 227 1227 in
239 1195 332 1235 Armenia,
348 1195 445 1229 Xurdistan
457 1197 491 1229 and
503 1196 533 1228 the
545 1196 611 1238 desert3
628 1199 679 1239 being
695 1196 724 1229 the
739 1198 793 1229 result
805 1199 826 1230 of

79 1264 90 1286 a
98 1253 161 1286 second
169 1252 269 1294 expedition
277 1255 298 1283 ct.
306 1252 361 1284 Lond.
365 1253 381 1285 J.
387 1254 459 1294 Murray
465 1254 509 1286 1853
516 1253 556 1293 (685
564 1253 604 1294 p.).“
614 1255 644 1286 cfr.
651 1250 703 1295 supra
710 1265 726 1295 p.
733 1253 823 1294 XXXIII,

79 1314 115 1342 not.
139 1309 178 1348 Quo
190 1309 234 1340 libro
246 1308 415 1349 magnificentissimo
427 1311 488 1352 ingens
501 1312 552 1350 atque
559 1310 649 1350 praeclara
660 1309 757 1341 continetur
765 1319 823 1342 rerum

79 1367 131 1406 silva,
144 1366 165 1397 ab
178 1375 193 1397 a.
206 1365 250 1397 1847
263 1364 343 1407 deinceps
355 1371 463 1408 comparata,
476 1375 510 1407 qua
521 1366 606 1405 Assyriae
623 1366 730 1407 antiquitatis
746 1366 821 1408 cognitio

79 1431 183 1464 magnopere
195 1421 300 1463 amplificata
311 1425 346 1462 est,
362 1427 431 1464 praeter
443 1426 500 1455 cetera
512 1420 604 1454 Sanheribi
615 1423 661 1464 regis
673 1421 823 1464 praestantissima

78 1483 190 1511 monumenta
202 1474 311 1519 reperiuntur
322 1476 416 1520 descripta,
429 1489 461 1511 nec
473 1488 508 1510 non
521 1487 614 1510 cuneorum
622 1479 718 1511 sententiae
726 1478 821 1511 secundum

78 1536 143 1567 Hrnnsn
155 1538 173 1566 et
184 1533 298 1577 Ranmnsonu
308 1534 460 1576 interpretationes
472 1534 579 1577 propositae;
593 1539 610 1566 et
622 1546 660 1567 cum
669 1535 755 1575 permulta
763 1545 785 1567 ex
793 1536 821 1575 iis,

78 1602 122 1634 qnae
137 1592 159 1623 de
173 1590 224 1623 rebus
236 1589 348 1631 Assyriorum
363 1592 470 1632 notavimus,
486 1591 589 1633 gravissimo
607 1591 640 1624 hoc
655 1590 699 1623 libro
714 1588 821 1634 magnopere
860 1606 862 1610 ⁴

78 1652 172 1690 appareant
184 1646 292 1687 confirmata,
305 1657 348 1689 qnae
360 1649 432 1681 maximi
444 1649 535 1681 videantur
546 1648 629 1680 momenti
641 1657 687 1687 esse,
705 1657 726 1680 ea
739 1648 821 1690 deinceps

78 1706 112 1736 ianr
125 1702 205 1736 addenda
217 1703 357 1735 existimavimus.
370 1720 391 1725 —
404 1706 431 1737 Ac
446 1706 521 1747 primum
536 1704 606 1746 quidem
621 1704 715 1736 Linaton
731 1709 749 1736 et
765 1705 821 1746 ipsum

78 1761 99 1793 de
111 1761 144 1793 diis
152 1761 192 1793 Ass.
204 1759 229 1790 ita
240 1758 323 1791 videmus·
331 1760 403 1801 sentire,
416 1766 435 1793 nt
447 1763 522 1804 supremi
534 1762 608 1793 numinis
621 1761 664 1793 duas
672 1761 744 1802 reperiri
755 1761 821 1802 figuras

78 1828 130 1860 supra
141 1816 234 1857 descriptas
247 1816 286 1847 illas
299 1827 315 1856 p.
323 1817 398 1857 XXIII,
412 1819 498 1850 existimet
506 1830 523 1860 p.
530 1819 569 1851 637.
578 1820 597 1859 ⁸3
610 1822 628 1850 et
639 1817 686 1860 quod
698 1816 721 1849 ad
732 1817 822 1850 Ascherae

78 1876 165 1906 notionem
177 1872 297 1905 illustrandam
310 1873 379 1913 attinet,
392 1883 412 1906 ea
425 1875 491 1907 arboris
504 1885 563 1907 sacrae
573 1876 647 1916 species,
660 1883 711 1916 qnam
719 1874 775 1915 primo
782 1873 820 1906 loco

78 1923 205 1973 descripsimus,
217 1929 304 1961 lnenlento
315 1929 394 1972 exemplo
403 1930 476 1962 habetur
487 1943 503 1974 p.
513 1932 556 1972 343,
568 1942 607 1963 cum
612 1932 664 1963 tertia
671 1931 717 1962 ratio
726 1930 820 1962 clarissime

78 1983 192 2024 conspiciatur
207 1984 225 2016 in
240 1985 318 2027 cylindro
334 1986 409 2027 quodam
421 1986 514 2020 Sanheribi
525 2000 541 2031 p.
551 1988 589 2021 160.
606 1987 645 2027 Quo
658 1986 703 2019 adde
715 1986 821 2028 simplicissi-

77 2049 123 2071 mam
136 2040 203 2072 arboris
214 2041 288 2073 formam
300 2041 322 2073 ad
335 2052 400 2074 meram
412 2048 490 2076 naturam
504 2055 602 2088 expressam
615 2045 633 2077 in
646 2042 724 2086 cylindro
733 2042 820 2084 Babylon.

79 2096 108 2127 cfr.
120 2097 192 2128 Horren
200 2095 274 2130 Chaldc'e
286 2102 308 2130 ct.
320 2100 355 2131 tab.
365 2100 396 2140 20,
404 2100 456 2142 figd.
468 2101 524 2134 Porro
536 2106 606 2144 praeter
612 2103 717 2134 Assaracum
729 2100 767 2132 XII
779 2100 821 2131 deos

78 2154 151 2185 maiores
164 2153 294 2194 distinguendos
306 2164 389 2187 unacum
402 2156 463 2189 alirn.
476 2162 493 2190 et
505 2159 576 2190 Hrnns1o
589 2158 648 2199 docet,
664 2167 736 2198 quornm
750 2156 821 2189 nomina

78 2209 95 2240 in
107 2210 155 2251 regia
167 2210 226 2241 tabula
238 2212 313 2252 quadam
325 2217 440 2254 recensentur,
452 2214 483 2246 cfr.
494 2225 511 2256 p.
522 2216 564 2256 aaa,
580 2215 653 2247 totidem
666 2213 712 2256 apud
723 2213 821 2256 Aegyptios

79 2270 96 2297 et
108 2266 153 2308 apud
166 2266 242 2299 Graecos
254 2267 280 2300 dii
291 2270 366 2301 maiores
377 2269 452 2302 fuerunt.

112 2334 128 2364 p.
136 2324 199 2362 XXX,
211 2323 222 2354 l.
232 2325 247 2355 8.
270 2324 347 2368 Populus
362 2337 398 2359 non
413 2327 464 2359 desiit
478 2328 568 2360 immolare
584 2328 602 2359 in
617 2326 701 2359 montium
716 2328 771 2369 iugis,
789 2328 820 2360 cfr.

79 2379 157 2411 2Parall.
168 2380 232 2421 XXX,
246 2383 272 2413 17.
295 2383 386 2415 Eiusmodi
398 2393 439 2417 arae
450 2385 469 2417 in
481 2389 539 2417 monte
551 2385 654 2417 constitutae
668 2384 761 2426 imaginem
773 2385 821 2417 exhi-

78 2434 107 2466 bet
118 2435 161 2467 Bos.
173 2437 215 2470 Nin.
227 2449 243 2480 p.
253 2440 291 2472 172.

112 2504 128 2535 p.
137 2494 227 2535 XXXVI,
239 2496 251 2528 l.
263 2506 281 2528 n.
305 2494 373 2535 Quanto
389 2497 475 2530 narrans.
491 2501 509 2530 et
520 2498 601 2531 Hrnnsrus
616 2497 653 2537 (cfr.
666 2497 790 2530 Transactions
803 2498 823 2530 of

78 2547 107 2580 the
123 2548 143 2582 R.
155 2549 201 2583 Irish
213 2552 312 2593 Academy,
327 2552 410 2585 rolXX.
426 2553 482 2586 XXII
493 2554 521 2594 ct.)
538 2559 555 2604 pt
568 2555 669 2595 Laranons,
685 2563 734 2587 suam
749 2554 821 2595 quisque

79 2607 132 2638 secuti
144 2608 238 2649 rationem,
254 2608 277 2641 ad
289 2609 359 2641 easdem
371 2611 426 2651 magis
438 2611 527 2652 magisque
535 2612 643 2644 adducantur
653 2612 757 2650 sententias,
769 2615 821 2650 atque

78 2662 96 2694 in
108 2664 178 2697 minutis
190 2669 257 2697 tantum
269 2665 319 2698 rebus
332 2666 444 2708 dissentiant,
457 2678 487 2709 per
496 2676 546 2700 omne
554 2669 633 2701 Lis-inm
645 2679 688 2712 opus
697 2667 772 2699 dilucide
780 2677 820 2699 con-

78 2720 153 2761 spicitur.
177 2722 254 2754 Maxime
265 2726 323 2755 autem
334 2723 415 2765 ponderis
428 2730 454 2757 est
466 2725 526 2757 tabula
537 2727 622 2767 quaedam
635 2728 724 2768 signorum
739 2728 821 2756 cuneato·

78 2786 124 2818 rum,
140 2779 158 2810 in
174 2779 251 2822 cylindro
264 2790 354 2823 expressa,
369 2781 391 2813 de
403 2791 437 2823 qua
448 2782 490 2813 Lar.
502 2793 518 2824 p.
528 2783 571 2815 3452
589 2794 621 2824 ,on
638 2793 671 2816 one
685 2779 776 2823 (cylinder)
787 2781 819 2813 Dr.

78 2833 131 2867 Hnnrs
143 2835 175 2868 lias
187 2836 266 2870 detected
279 2848 289 2871 a
302 2839 347 2871 table
360 2839 380 2871 ol
391 2839 420 2872 the
433 2840 482 2872 ralue
495 2841 515 2873 of
525 2840 590 2873 certain
603 2841 698 2874 cuneiform
709 2839 777 2881 letters,
790 2848 819 2871 ex-
