1889 3264
96 125 127 171 32
376 129 423 167 Gn.
433 128 453 176 Ι,
466 142 484 167 v.
495 131 558 167 r-u.

98 260 190 294 contactu
202 265 269 292 eorum
281 258 373 303 paratum
387 254 549 303 „Widerstreben
557 252 674 301 hilltnioht3
688 256 741 294 seien
749 256 778 295 sie
790 254 838 294 auelt

97 336 134 373 gar
153 322 191 361 wie
206 321 388 372 Dornengebiisehe
404 323 535 369 uerdoolrten,
555 321 628 370 trans,
648 322 779 373 hinterliStig,
799 324 839 361 und

98 390 177 438 sohlau,
190 403 212 429 so
225 389 271 428 dass
284 402 330 427 man
341 389 401 428 ihnen
413 391 467 429 nieht
475 390 549 438 nahen,
562 390 598 427 mit
608 389 668 427 ibnen
680 390 744 429 niehts
755 404 780 428 zu
792 391 840 429 thun

97 458 162 497 haben
183 460 249 507 nrag.“
272 456 335 508 (Eur.)
363 459 424 509 Apud
444 459 496 497 huno
512 470 592 497 sensum
609 457 671 496 satius
687 464 717 496 est
731 470 839 506 remanere,

96 539 158 577 quam
174 526 264 575 accipere
279 525 375 574 alterum,
395 539 408 564 a
423 526 494 574 Iamo,
510 525 616 573 Materno,
636 525 728 573 unani,
749 525 840 573 Buamo,

96 593 218 633 Unmunmro
234 593 353 642 probatum>
371 594 442 644 quibus
454 594 500 632 vilis
516 599 535 631 et
547 593 624 631 abiecta
635 593 741 643 impiorum
754 593 840 631 conditio

98 662 177 700 audetur
187 661 309 712 significata,
323 661 396 711 quippe
405 662 438 713 qui
447 661 513 700 subito
526 660 629 711 spinarum
638 661 703 700 instar
714 660 760 711 igne
772 659 840 699 divino

98 734 251 775 eonsumantur3
269 728 435 778 quemadmodum
452 729 537 768 habetur
553 726 625 767 2Sam.
635 728 720 776 XXIII,
733 732 749 767 6.
762 732 783 765 7:
806 734 842 776 „at

97 810 185 848 nequam
196 819 221 824 —
233 800 256 834 ut
271 796 348 834 abiecta
363 797 465 847 spinarum
482 809 539 847 sepes
551 808 619 835 omnes
632 802 678 836 sunt
689 819 713 824 —
726 802 745 835 et
760 796 840 835 combu-

98 866 164 904 stione
175 865 227 915 tgnis
240 863 382 902 eotnburuntur
397 878 466 904 omnes
481 865 501 904 in
512 865 558 903 loeo
570 866 628 903 su0.“
657 864 773 903 Knroums:
794 876 840 912 „ac--

98 933 151 971 uidet
162 932 214 981 illis,
226 931 281 984 quod
292 931 355 981 spinis
367 933 469 984 perplexis
481 939 501 972 et
511 933 628 983 implicatis,
646 945 695 984 quas
708 945 752 970 euru
764 932 841 971 soluere

98 1014 139 1039 non
151 1005 218 1050 potest
229 998 327 1050 agricola7
340 999 399 1037 simul
411 1013 480 1040 omnes
491 1001 512 1039 in
524 1001 590 1051 iguem
602 1000 691 1039 coniicit:
704 1001 791 1038 futurum
804 1004 840 1048 est,

99 1074 122 1106 ut
133 1068 192 1107 simul
204 1067 247 1104 neci
258 1067 377 1104 detentat-,⁴⁶
401 1068 473 1107 Altera
484 1068 593 1118 explicatio
610 1073 630 1106 et
645 1068 729 1107 olariore
741 1068 842 1118 exemplo-

99 1149 144 1174 rum
156 1134 257 1174 evidentia
269 1134 428 1184 commendatum
441 1141 461 1174 et
472 1148 508 1183 en,
521 1136 575 1187 quod
587 1146 662 1184 manao,
680 1135 709 1172 uti
722 1149 732 1173 e
743 1135 841 1186 parallelo

99 1213 163 1243 masao
178 1207 274 1253 apparet,
291 1215 331 1239 non
342 1203 467 1241 referendum
479 1204 547 1242 estad
559 1204 636 1254 spinas,
653 1204 688 1242 sed
700 1203 725 1241 ad
737 1202 840 1254 Assyrios.

99 1270 235 1321 Improbanda
251 1274 281 1309 est
295 1270 356 1320 igitur
367 1270 504 1322 interpretatio
516 1271 622 1310 Lori-mm:
641 1270 716 1319 „Denn
731 1270 795 1321 gleioh
811 1270 841 1310 als

99 1351 157 1377 wenn
173 1338 206 1377 die
217 1337 310 1385 nornen,
328 1350 350 1376 so
367 1339 419 1376 nooh
430 1339 451 1377 in
468 1339 561 1378 einander
572 1339 665 1379 wachsen
681 1338 722 1376 und
733 1338 761 1376 im
772 1339 842 1377 beaten

98 1405 144 1446 Saft
160 1406 214 1454 sind,
231 1408 287 1444 ete.“
304 1427 329 1433 -
359 1406 499 1457 Amplifieatur
514 1407 581 1458 imago
598 1407 665 1445 uerbis
682 1406 841 1445 suceedentibus:

97 1481 117 1512 et
132 1480 154 1512 at
169 1476 213 1512 etan
229 1485 262 1511 sao
277 1473 370 1510 inebriati.
397 1484 440 1514 ano
457 1480 528 1525 potum
545 1474 643 1526 signifieat
659 1474 690 1513 vel
704 1473 782 1522 vinum,
799 1478 841 1512 tan-

98 1554 160 1593 quam
175 1546 245 1592 potum
261 1540 402 1591 praecipuum,
421 1542 456 1580 cfr.
468 1542 507 1582 Ies.
515 1543 535 1591 Ι,
547 1546 580 1590 ‘2ss
596 1541 647 1581 Hos.
657 1541 718 1589 VIII,
732 1544 753 1579 14
764 1541 841 1592 (vinum

99 1622 136 1660 pro
146 1608 187 1648 vini
196 1609 267 1647 effectu
276 1608 370 1660 dietum),
383 1622 447 1660 neque
455 1623 502 1649 uero
512 1611 679 1661 compotationem
687 1609 762 1661 (Etr.);
775 1610 842 1648 vinum

99 1682 166 1716 autem
179 1689 242 1715 torma
259 1676 341 1724 dieitur,
357 1689 397 1728 quo
414 1677 479 1715 solent
494 1677 603 1729 perpotari.
625 1676 669 1716 Neo
680 1690 728 1715 vero
747 1677 842 1716 omissum

100 1751 131 1784 est
145 1756 159 1784 υ
173 1744 273 1792 caussam,
286 1744 340 1794 quod
352 1744 418 1791 aiunt,
430 1745 466 1783 sed
478 1746 586 1785 aoeusativi
598 1745 673 1795 speeies
686 1751 728 1793 est,
741 1758 801 1796 quam
813 1745 842 1792 ui-

99 1813 165 1852 dimus
177 1826 196 1851 r.
207 1815 227 1859 ὃς
240 1812 275 1849 etr.
287 1810 325 1849 Ies.
335 1811 420 1859 XXIX,
433 1815 453 1849 9:
474 1809 547 1862 arsat
563 1823 626 1857 anam.
656 1812 702 1862 Qua
713 1811 842 1851 similitudine

99 1894 140 1918 non
152 1880 192 1918 tale
205 1879 252 1931 quid
264 1879 320 1917 innui
332 1879 482 1928 existimamus,
495 1879 554 1930 quale
565 1880 616 1919 vidit
626 1880 742 1919 Eunomus:
755 1879 842 1930 „gleich-

99 1961 143 1988 sam
154 1949 175 1986 in
184 1947 244 1985 Wein
255 1947 341 1994 emituit,
354 1959 377 1985 so
390 1946 436 1986 dass
449 1948 484 1986 das
496 1947 561 1986 Feuer
571 1947 632 1986 ihnen
643 1947 682 1987 wie
694 1947 752 1985 aliem
760 1947 841 1987 Nasson

100 2016 156 2054 nicht
175 2015 261 2054 soliaden
281 2028 306 2051 zu
326 2014 407 2052 konnen
427 2015 532 2062 selreint;“
553 2028 600 2053 nam
615 2027 651 2053 neo
670 2015 759 2054 immersi
779 2016 842 2063 notio‚

100 2096 161 2135 quam
176 2082 237 2120 infert
251 2082 313 2120 verbo
336 2092 390 2130 sao,
411 2081 488 2121 idoneis
504 2083 586 2132 probari
602 2082 698 2133 exemplis
713 2087 790 2133 potest,
806 2096 843 2121 neo

101 2156 173 2190 natura
184 2149 321 2188 huiuscemodi
332 2149 425 2200 imaginis
436 2150 542 2200 magnifica
553 2151 602 2190 satis
611 2156 671 2202 atque
679 2151 794 2201 ponderosa
806 2157 842 2190 est.

99 2219 143 2257 Ima
160 2217 254 2268 superbia
269 2223 289 2255 et
300 2217 401 2256 temeritas
416 2217 534 2269 indigitatur
545 2219 687 2270 Assyriorunu
703 2218 738 2270 qui
750 2219 799 2257 adeo
812 2224 842 2256 tu-

99 2293 133 2326 tos
146 2300 189 2326 sese
201 2291 262 2337 atque
272 2285 397 2325 invincibiles
409 2298 453 2325 esse
468 2286 551 2335 iactent,
568 2292 590 2325 ut
605 2300 631 2326 ne
642 2286 751 2325 cavendum
764 2285 843 2336 quidem

99 2355 140 2395 sibi
153 2355 177 2393 ab
190 2355 248 2393 hoste
260 2353 373 2403 opinentur,
383 2353 469 2405 ideoque
481 2359 622 2405 comparantur
632 2353 664 2403 iis,
675 2354 708 2405 qui
720 2354 741 2391 in
751 2354 842 2393 commis-

101 2423 203 2462 sationum
220 2421 303 2460 lasciuia
314 2421 368 2459 bono
386 2434 495 2473 securoque
513 2422 579 2460 animo
591 2422 717 2472 indulgeant3
734 2421 768 2460 cfr.
781 2421 842 2460 Prov.

100 2491 147 2540 XV7
162 2493 193 2528 15:
211 2490 290 2538 „bonus
302 2488 379 2528 animus
392 2489 509 2540 quotidiana
521 2496 551 2529 est
562 2489 706 2539 compotatioss
730 2488 787 2539 Quae
799 2502 843 2528 sen-

99 2559 162 2597 tentia
178 2557 261 2597 mirifice
276 2557 469 2607 comprobaturus,
493 2571 545 2609 quae
559 2557 670 2596 mesenus
684 2557 714 2605 Π,
731 2560 753 2596 2ss
769 2558 793 2595 de
808 2570 843 2596 ex-

99 2627 222 2677 pugnatione
233 2624 283 2664 Nini
299 2624 390 2664 tradidit:
410 2624 510 2664 Hostibus
527 2631 557 2664 ter
571 2625 693 2677 profflgatis,
709 2625 784 2664 factum
800 2638 844 2664 esse

101 2701 122 2733 nt
134 2707 171 2732 rex
179 2694 320 2744 Assyriorum,
334 2693 487 2732 Bactrianorum
497 2694 626 2732 defectionem
635 2694 731 2744 ignorans
743 2699 762 2732 et
770 2693 844 2743 prioris

100 2764 193 2801 fortunae
205 2761 327 2812 benignitate
339 2761 413 2810 elatus,
430 2761 456 2800 ad
469 2761 531 2799 otium
547 2775 590 2802 sese
602 2763 696 2813 ignavum
713 2766 843 2807 conuerteret,

101 2830 181 2882 suisque
194 2831 219 2869 ad
231 2831 293 2870 festas
306 2829 375 2880 opulas
391 2829 533 2880 instituendas,
549 2843 622 2884 magna
633 2831 757 2870 uictimarum
773 2828 844 2868 etvini
