1889 3264
383 181 431 221 Gur.
441 180 457 230 l,
470 193 489 220 v.
499 183 516 219 ὃ.

76 306 161 358 peritur,
173 305 233 345 LXX
246 301 298 354 τοὺς
312 300 497 359 ἑπεγειρομένονς
511 299 550 342 καὶ
563 300 616 351 τοὺς
626 296 732 359 ἐχθρούς,
749 301 821 341 Chald.

77 375 187 413 Trinouor.
199 375 272 426 legisse
283 375 374 413 videntur
384 382 464 422 rumpia,
478 384 528 424 quos
541 372 745 422 sequuntuanrnn,
757 371 822 419 lusrr,

78 441 163 491 Gnrnnr,
180 443 345 490 Mroumnonrr,
362 446 432 480 contra
445 452 495 492 qnos
507 439 596 478 Fnemin
607 440 620 479 l.
632 440 646 479 1.
659 453 678 490 p.
698 442 746 478 lss.
759 452 823 490 appo-

78 510 115 549 site
127 516 204 558 monet,
219 520 270 560 [ripn
283 522 327 549 esse
339 508 436 555 excitare3
452 507 521 558 legunt
532 520 592 557 porro
609 518 685 566 nappis,
704 513 723 545 et
734 517 755 557 pa
772 507 822 546 acci

78 578 134 628 piunt
145 591 182 628 pro
195 577 295 628 genitivo,
311 576 363 615 male
374 576 474 614 intellecto
486 586 508 627 pe
522 575 553 624 II,
568 578 598 623 10,
615 576 699 618 Aournn
717 565 763 613 eiad
779 573 822 613 τῶν·

79 637 241 695 ἀνισταμένων,
256 645 356 692 Parnm,
368 644 479 683 Knnnnnni.

111 714 156 752 lam
170 727 218 751 vero
234 712 350 751 vaticinium
365 712 398 750 hic
413 713 487 750 editum
504 712 628 749 adverbum
645 711 735 749 evenisse
751 712 825 749 docent

78 782 188 820 Krnnsrr
199 795 217 818 a.
229 781 249 818 h.
261 794 281 819 v.
297 787 317 818 et
331 781 403 818 Knrrn
419 780 468 830 (Die
483 780 556 817 Erfiill.
573 781 608 817 der
624 780 735 818 biblischen
748 780 823 817 Weiss.

80 849 152 898 stuttg.
166 850 210 886 1844
221 861 241 898 p.
252 849 305 899 259),
324 862 368 887 cum
376 849 469 886 Dionen.
485 847 554 887 SICUL.
569 848 622 885 Bibl.
631 848 664 895 H,
676 851 699 884 2ss
711 848 823 895 tradiderit,

79 922 127 967 post
146 916 259 954 diuturnam
279 916 329 955 Nini
352 916 476 955 obsidionem
497 915 610 965 Tigridem,
635 916 703 953 multis
726 917 825 954 imbribus

80 997 199 1034 magnopere
220 991 337 1032 exauctum,
357 985 458 1035 perruptis
478 984 540 1022 muris
560 995 654 1033 magnam
675 985 731 1022 urbis
745 990 824 1034 partem

80 1052 197 1099 inundasse3
213 1058 314 1090 tumuere
327 1065 397 1104 regern
410 1050 580 1102 Sardanapalum,
597 1058 654 1089 vetus
667 1053 767 1103 quoddam
780 1064 825 1089 ora-

81 1121 146 1158 culum
158 1120 268 1158 confectum
279 1128 345 1169 ratus,
358 1134 398 1171 quo
410 1133 451 1157 non
464 1120 525 1158 everti
538 1120 606 1157 urbem
617 1120 773 1169 praediceretur,
786 1120 825 1158 nisi

80 1189 152 1227 fluvius
164 1188 255 1227 inimicus
266 1189 322 1227 urbis
334 1190 398 1227 iactus
411 1193 473 1235 esset,
491 1201 534 1226 sese
546 1201 590 1225 uum
602 1188 723 1226 mulierculis
735 1194 771 1225 etc.
784 1200 826 1225 cre-

81 1269 152 1295 masse.
182 1255 219 1294 Cui
235 1257 344 1295 sententiae
360 1257 446 1306 primum
466 1256 539 1303 officit,
560 1256 615 1305 quod
635 1268 661 1293 ex
676 1256 739 1294 altero
755 1268 826 1294 versus

81 1325 180 1371 membro,
198 1330 218 1362 et
233 1338 259 1363 err
270 1339 289 1362 v.
300 1329 321 1363 10
333 1325 366 1362 all.
384 1329 479 1374 apparet,
496 1323 520 1361 de
536 1323 665 1361 inundatione
676 1330 744 1362 vatem
761 1325 826 1361 dicere

81 1405 117 1442 per
132 1391 248 1441 imaginem3
270 1392 340 1431 deinde
361 1392 416 1443 quod
432 1391 535 1430 Diodorus
552 1392 577 1429 de
594 1392 675 1429 oraculo
692 1393 754 1430 verba
769 1391 825 1439 facit,

82 1459 136 1510 quod
147 1465 167 1498 et
178 1460 282 1510 antiquum
294 1466 347 1500 esset
355 1484 390 1508 -,
403 1458 508 1498 Nahumus
520 1465 586 1498 antem
597 1459 634 1497 rix
644 1459 750 1510 sexaginta
761 1473 826 1498 annos

81 1532 128 1566 ante
139 1528 306 1578 expugnationem
317 1528 367 1567 Nini
378 1527 498 1566 vaticinatus
515 1534 545 1567 est
560 1551 585 1555 -
602 1533 621 1565 et
637 1527 734 1567 eiusmodi
747 1527 827 1565 omnino

82 1600 122 1645 cst,
142 1601 164 1633 ut
183 1595 238 1634 nulla
254 1609 298 1634 cnm
312 1596 367 1635 hisce
383 1595 449 1634 verbis
470 1595 567 1634 contineri
584 1595 662 1634 ratione
682 1602 785 1646 appareat.
803 1618 827 1623 —

81 1663 137 1702 Idem
149 1663 220 1702 deinde
231 1663 336 1703 Ksrrurus
348 1678 367 1715 p.
376 1666 409 1702 258
419 1676 446 1702 ss.
459 1669 478 1701 et
489 1663 581 1701 nonnulli
596 1663 631 1701 alii
648 1663 734 1702 alteram
744 1663 827 1701 membri

82 1737 159 1781 partem
170 1732 199 1769 ita
211 1732 321 1770 confectam
333 1731 486 1779 contenderunt,
497 1736 520 1769 ut
527 1731 596 1780 locus,
608 1732 643 1769 ubi
650 1731 716 1770 Ninus
725 1731 764 1769 fuit
772 1731 828 1780 olim,

81 1799 164 1849 reperiri
176 1799 256 1837 omnino
269 1812 309 1837 non
320 1805 398 1850 posset,
411 1799 500 1838 Lucrum
511 1799 553 1837 fere
564 1799 678 1850 ignorantia
690 1800 790 1838 commoti.
807 1800 828 1838 Is

83 1867 136 1905 enim
147 1867 168 1905 in
180 1867 226 1905 dial.
235 1859 424 1913 Ἐπισκοννοῧννες
438 1874 452 1905 t.
462 1867 482 1915 1,
494 1880 514 1917 p.
523 1869 566 1904 2922:
591 1858 604 1920 ἦ
615 1861 656 1917 μὲν
666 1865 743 1914 Νῖνος,
756 1867 830 1918 inquit,

84 1925 200 1974 ἀπόλωλεν
216 1923 269 1988 ἤδη,
286 1929 324 1974 καὶ
339 1926 404 1974 οὐδὲν
422 1927 483 1983 ἴχνος
498 1927 531 1974 ἔτι
549 1928 630 1973 λοιπὸν
645 1925 723 1987 ababa,
744 1926 791 1974 οὐδ)
803 1927 831 1974 ἂν

83 1995 160 2057 εἴπῃς,
176 1995 235 2042 ὅπου
250 1994 298 2041 ποτ’
308 1992 344 2056 ipa
362 2007 381 2040 et
395 2002 469 2041 fatetur
485 2002 612 2042 doctissimus
627 2002 755 2041 Bocnnnrus
770 2003 830 2042 Phal.

82 2070 119 2118 IV,
131 2072 154 2107 20
165 2083 185 2120 p.
195 2073 239 2118 284,
251 2070 272 2108 in
280 2070 325 2109 loco
334 2070 384 2109 Nini
393 2070 482 2121 praecise
491 2071 601 2109 definiendo
610 2070 686 2109 frustra
694 2070 750 2109 viros
760 2071 831 2111 doctos

84 2150 105 2176 se
124 2137 215 2188 fatigare.
242 2139 271 2176 At
290 2138 375 2176 aliorum
393 2139 553 2177 testimoniorum
573 2138 631 2191 quasi
652 2138 717 2177 silva¹
737 2145 831 2190 surgente

83 2217 135 2243 nunc
147 2218 157 2243 e
168 2211 222 2243 terra
233 2205 287 2243 Nino
300 2206 379 2257 egregie
391 2209 507 2245 confirmata
522 2213 553 2246 est
569 2212 589 2245 et
600 2208 742 2257 comprobatur
753 2207 775 2245 in
787 2207 830 2246 dics

83 2273 211 2323 praeclarius.
242 2273 295 2322 Quid
310 2274 351 2312 ita?
373 2274 406 2312 fac
422 2275 544 2326 aliquamdiu
560 2275 649 2325 ignotum
667 2274 731 2313 luisse
742 2274 792 2313 Nini
804 2275 831 2314 si-

84 2348 136 2389 tum,
154 2347 220 2380 tamen
235 2341 256 2379 in
271 2341 321 2391 ipsis
334 2342 400 2381 verbis
412 2342 486 2382 nostris
504 2356 545 2380 non
561 2343 623 2390 inest,
641 2342 708 2380 locum
724 2342 766 2382 eius
783 2356 831 2382 nus-

84 2422 144 2459 quam
161 2410 232 2448 debere
248 2409 333 2448 inveniri
348 2423 419 2460 posse;
437 2424 483 2448 nam
496 2407 537 2451 nb:
553 2420 583 2450 est
598 2410 722 2459 absolutum,
739 2424 831 2451 consum·

84 2482 169 2526 matum,
186 2483 205 2515 et
220 2478 285 2517 locum
302 2477 385 2517 alicuius
401 2479 515 2518 absolutum
531 2479 614 2518 reddere
629 2492 684 2517 mere
696 2484 736 2517 est:
757 2479 830 2528 iacere,

84 2550 105 2583 ut
124 2544 163 2583 iste
178 2544 234 2584 locus
251 2546 292 2584 iarn
307 2533 348 2585 non
364 2552 429 2586 certae
444 2547 498 2586 illius
518 2547 585 2596 urbis,
607 2560 630 2585 eo
649 2560 714 2598 usque
734 2548 829 2596 extentis,

84 2613 139 2652 locus
152 2612 184 2651 sit.

118 2680 172 2729 Quid
184 2686 260 2729 autem,
278 2695 321 2721 cum
334 2684 506 2732 stremonius,
524 2683 625 2734 patientur
636 2683 727 2721 incolae?
746 2685 831 2721 inimicos

120 2844 136 2886 1)
149 2844 223 2887 Collegit
235 2849 252 2877 et
264 2846 342 2887 esposuit
355 2847 440 2890 permulta
448 2847 521 2881 Tucurus
531 2848 542 2880 l.
551 2847 572 2889 l.‚
585 2848 632 2881 brevi
641 2852 732 2890 conspectu
741 2849 830 2891 proposuit

85 2902 210 2935 Weisssnnonu
222 2902 233 2935 l.
242 2903 253 2935 l.
267 2913 282 2945 p
291 2903 312 2935 16
322 2913 344 2935 ss.
