1889 3264
137 145 180 172 nnn
377 133 539 171 Pnotaoousnu.
556 130 604 169 Gna.
617 132 642 169 ll.

137 258 194 306 latis,
211 261 304 307 quattuor
319 256 348 294 ibi
364 256 438 307 oppida
455 256 577 304 condidisse,
601 254 699 302 Niniven,
717 256 834 296 Rechoboth
850 259 877 305 lr,

137 325 225 371 Kalach,
243 324 320 371 Resen3
340 337 350 362 e
368 325 440 376 quibus
451 324 501 363 Nini
517 325 566 363 situs
584 327 636 362 certo
653 322 729 360 definiri
746 331 824 374 potest:
840 325 879 364 sita

138 397 180 431 erat
194 392 216 429 in
228 391 309 431 sinistra
320 391 411 444 Tigridis
427 392 491 443 ripal,
508 406 548 431 non
565 393 647 431 multum
663 403 723 440 snpra
739 391 795 430 illum
806 393 879 441 locum,

173 576 190 616 1)
201 576 228 608 Eo
240 576 278 608 loco
290 574 369 607 Ninum
382 575 424 606 olim
436 575 487 607 sitam
498 575 560 614 fuisse,
572 574 710 607 luculentissimis
721 574 826 615 argumentis
835 584 880 606 com-

140 633 232 677 probatur,
247 642 291 674 quae
307 636 343 663 tam
354 634 432 666 veterum
444 631 555 673 suppeditant
567 631 630 671 scripta
642 641 693 672 quam
704 632 758 663 medii
773 631 811 662 aevi
823 634 880 662 aucto-

140 700 167 722 res
178 688 287 731 geographici
300 693 317 719 et
328 687 402 719 traditae
414 687 493 730 deinceps
506 698 536 729 per
548 692 573 719 tot
585 688 642 720 secula
655 689 749 720 incolarum
762 687 852 729 opiniones
864 691 881 717 et

139 747 255 785 narrationes3
272 745 290 776 id
306 744 352 786 quod
368 744 453 776 uberrime
469 745 630 776 demonstraverunt
641 743 709 776 Ruina.
722 744 775 775 Erdlr.
788 745 881 786 p.171ss.,

140 814 172 836 nec
183 803 283 835 non-Tuon.
299 801 318 832 in
333 802 477 833 commentatione
493 801 625 842 diligentissime
641 801 738 841 conscripta
754 801 784 832 illa
800 799 821 831 de
832 798 880 831 Nino

140 858 345 900 urbe,p.3ss.17,ss.;
362 858 431 890 brevem
448 858 509 890 horum
521 860 661 898 argumentorum
677 860 694 887 et
710 861 805 888 ceterarum
819 867 882 896 rernm,

140 925 184 958 quae
196 915 219 947 ad
231 915 282 946 situm
290 914 333 947 Nini
345 919 363 947 et
374 914 464 947 historiam
472 915 568 956 pertinent,
580 917 689 954 conspectum
697 915 786 955 proposuit
793 914 882 946 Wnrssau-

140 981 192 1013 nonu,
207 971 271 1004 Ninive
283 982 299 1002 u.
312 973 349 1004 sein
362 972 429 1005 Gebiet.
453 972 480 1003 Ao
491 971 611 1013 Xenophontis
624 970 693 1011 quidem
707 972 809 1011 auctoritas,
824 971 883 1011 quiin

141 1029 171 1061 illa
182 1029 252 1070 regione
264 1032 321 1060 eastra
332 1029 397 1070 posuit,
409 1027 453 1060 Nini
466 1032 523 1059 autem
535 1037 598 1060 nomen
609 1027 678 1059 ridetur
689 1028 788 1067 ignorasse,
805 1037 836 1059 nec
849 1028 882 1058 nisi

140 1086 233 1127 Mespilam
249 1084 299 1116 affert
313 1088 395 1126 tanquam
410 1094 474 1116 nomen
488 1084 585 1125 ingentium
600 1084 697 1123 ruinarum,
717 1087 784 1116 tantum
800 1084 849 1116 abest
865 1088 883 1115 ut

141 1145 230 1186 quicquam
243 1145 303 1174 contra
314 1140 359 1174 hanc
371 1141 474 1174 sententiam
485 1141 552 1181 valeat,
568 1144 587 1172 ut
603 1140 631 1172 vel
643 1150 665 1171 ex
676 1140 766 1181 ipsissimis
778 1141 834 1174 verbis
847 1142 883 1173 eius

141 1204 209 1243 pateat,
224 1209 260 1231 non
272 1207 322 1240 posse
334 1208 373 1229 eum
385 1198 419 1229 nisi
429 1197 473 1229 Nini
484 1197 594 1239 descripsisse
609 1197 677 1237 ruinas,
693 1206 734 1228 nam
750 1198 816 1240 lapides
833 1200 883 1238 caesi,

144 1257 212 1290 conchis
225 1260 241 1287 et
254 1255 352 1297 petrefactis
361 1254 436 1286 distincti
441 1277 446 1293 ,
458 1263 500 1295 quas
508 1255 526 1285 in
534 1255 621 1286 ruinarum
629 1254 719 1287 moenibus
728 1264 766 1287 sese
774 1256 884 1297 conspexisse

143 1315 174 1354 ait,
191 1322 274 1354 nusquam
286 1311 320 1343 nisi
332 1311 396 1343 inillis
409 1312 479 1343 omnino
491 1312 608 1353 reperiuntur,
623 1321 665 1353 quas
681 1311 750 1343 aliunde
767 1316 834 1344 constat
846 1322 883 1344 esse

142 1370 194 1411 Nini,
207 1369 236 1401 cfr.
248 1368 317 1400 Rrrrnu.
329 1369 340 1399 l.
349 1368 361 1399 l.
373 1367 410 1408 XI,
421 1376 439 1408 p.
450 1368 489 1400 175.
502 1369 541 1401 238.
565 1368 618 1401 auen.
631 1370 642 1401 l.
651 1370 662 1401 l.
674 1380 690 1411 p.
698 1370 720 1401 42
729 1378 750 1401 ss.
763 1368 810 1400 infra
821 1379 836 1410 p.
846 1369 884 1401 115.

142 1427 234 1459 Drononurr
249 1429 307 1457 autem
321 1423 432 1456 vehementer
448 1433 514 1456 errasse
529 1435 567 1456 cum
582 1424 627 1456 Bibl.
639 1425 668 1467 Π,
684 1427 702 1458 3,’
718 1427 738 1458 27
754 1425 820 1458 Ninum
839 1426 885 1467 apud

142 1484 248 1526 Euphratem
263 1482 313 1513 sitam
329 1481 382 1512 fuisse
397 1481 482 1521 traderet,
498 1491 536 1513 cum
551 1481 592 1513 inde
608 1486 688 1524 apparet,
705 1482 751 1523 qnod
765 1483 818 1524 ipsius
833 1482 886 1513 verba

143 1540 190 1571 haud
205 1541 246 1572 satis
261 1539 307 1570 inter
323 1546 341 1569 se
357 1541 436 1569 coustant
451 1536 488 1577 (cfr.
503 1537 571 1570 Rrrrnn.
587 1539 598 1570 l.
612 1540 623 1570 l.
640 1549 656 1580 p.
669 1539 718 1580 228),
733 1545 770 1571 tum
787 1540 886 1571 clarissimis

142 1597 219 1635 Hauon,
235 1594 306 1634 Smin,
322 1594 391 1634 Tucim,
405 1594 488 1634 Procrin,
504 1596 579 1626 Autumni
590 1594 703 1637 nituerunt,
719 1596 771 1628 Purru
785 1596 887 1633 testimoniis

144 1653 254 1685 confirmatur
265 1652 301 1692 (etr.
313 1651 382 1683 Rrrrnn.
390 1650 432 1682 ibid.
444 1662 460 1692 p.
470 1651 502 1682 171
512 1651 551 1692 ss.);
563 1650 609 1682 unde
621 1652 671 1683 simul
683 1656 738 1693 patet,
750 1652 795 1684 falso
807 1662 818 1684 a
830 1652 886 1684 Pnuuo

146 1709 168 1741 ad
180 1708 303 1741 occidentalem
314 1707 390 1748 Tigridis
403 1708 458 1748 ripam
470 1707 517 1739 urbis
528 1708 585 1738 locum
597 1709 720 1749 transpositum
733 1718 776 1741 esse.
794 1708 887 1740 Nihilomi-

144 1775 177 1798 nus
188 1770 248 1797 nostra
259 1766 342 1797 memoria
353 1766 433 1796 inventus
445 1768 480 1804 est,
497 1763 612 1804 quinionem
629 1765 726 1805 opinionem
743 1775 778 1797 non
789 1764 841 1797 modo
852 1766 887 1796 for-

145 1823 186 1854 titer
198 1821 308 1861 defenderet,
319 1830 379 1853 reruni
392 1821 444 1852 etiam
457 1829 524 1851 omnem
536 1825 614 1853 moveret
625 1821 709 1862 lapidem,
722 1832 755 1863 quo
764 1826 887 1862 commonstra·

145 1885 179 1919 ret,
197 1880 256 1911 ruinas
272 1888 281 1910 e
296 1879 367 1919 regione
383 1877 472 1909 Messalae
487 1882 556 1918 apertas
571 1878 618 1910 nullo
636 1877 688 1909 modo
708 1888 758 1920 posse
774 1887 830 1920 neque
845 1877 888 1910 Nini

145 1945 201 1978 neque
213 1935 283 1967 omnino
290 1935 402 1976 Assyriorum
413 1944 460 1974 esse,
472 1933 527 1966 Fano.
535 1935 612 1966 Horma.
625 1934 673 1975 dico,
686 1936 714 1976 qui
726 1935 793 1967 sutilem
805 1934 888 1976 discepta-

147 1994 212 2025 tionem
223 2002 280 2031 suam,
293 1992 355 2034 partim
369 1991 465 2032 expositam
473 1992 492 2022 in
500 1991 565 2023 diurnis
572 1990 698 2023 ParIsiensihus
706 1991 830 2023 L'illustration
838 1992 888 2031 1840,

147 2051 174 2082 02.
182 2048 238 2089 Non,
250 2047 305 2088 1850,
317 2047 401 2087 201an,
413 2047 482 2079 uberius
494 2048 598 2079 declaratam
611 2049 630 2079 in
641 2048 698 2080 libris:
710 2048 788 2081 Premier
796 2052 813 2080 ct
826 2048 889 2080 second

147 2104 229 2138 mbmoire
245 2114 273 2136 sur
288 2103 362 2143 Ninive,
377 2103 432 2135 Paris.
450 2104 503 2144 1850,
524 2105 591 2137 etiamsi
607 2105 699 2145 diligenter
715 2105 768 2138 fuerit
785 2105 860 2137 refutata
879 2115 890 2137 a

108 2196 114 2205 x
148 2161 268 2201 Quarununnm
281 2159 347 2200 (Journ.
360 2160 376 2192 d.
390 2160 457 2194 Savans
470 2163 525 2202 1850,
537 2172 559 2193 m.
571 2162 616 2203 Iun.)
628 2165 645 2193 et
657 2161 678 2194 de
691 2162 849 2205 sinuatisque,
863 2164 889 2194 ni-

147 2220 182 2251 hilo
195 2220 250 2250 secius
263 2217 331 2259 copiose
347 2219 416 2260 repetiit
433 2223 491 2251 nostro
509 2219 581 2260 primum
597 2227 675 2251 sermone
687 2218 723 2259 (cfr.
736 2220 806 2252 Wiener
822 2220 889 2260 allgem.

146 2276 254 2317 Bauzeituug
265 2274 292 2307 ed.
304 2275 396 2308 Fcansrnn
408 2278 463 2317 1850,
479 2276 573 2308 Literatur-
587 2276 624 2307 und
635 2276 758 2318 Anzeigeblatt
773 2276 891 2318 pta-107)

148 2333 209 2365 deinde
226 2334 278 2365 etiam
293 2332 423 2374 Francogallico
440 2332 546 2372 (L'Univers.
563 2332 640 2365 Histoire
657 2338 674 2365 et
687 2332 797 2375 Description
813 2333 835 2364 de
851 2337 890 2366 tous

148 2392 173 2422 les
184 2389 260 2431 peuples.
284 2387 369 2428 chatate,
383 2390 466 2430 Assyrio,
480 2388 561 2421 Phe'nioie
574 2392 595 2421 et.
607 2398 639 2430 par
650 2389 671 2422 F.
683 2389 759 2421 Horren.
772 2390 827 2422 Paris.
841 2390 891 2430 ista,

147 2456 165 2487 p.
174 2447 207 2478 248
217 2455 238 2477 ss.
245 2456 261 2487 p.
269 2443 314 2484 323).
326 2446 351 2477 At
362 2455 404 2477 vero
417 2449 527 2486 argumenta,
538 2445 600 2486 quibus
612 2445 721 2477 arbitrariam
734 2447 832 2487 opinionem
842 2456 891 2479 suam

148 2504 182 2536 sibi
193 2502 261 2535 ridetur
272 2502 342 2542 fulcire,
358 2501 442 2534 eiusmodi
455 2507 502 2543 sunt,
518 2511 546 2542 ut,
562 2503 577 2533 si
592 2503 619 2534 rel
635 2502 683 2534 nulla
697 2502 799 2535 haberemus
814 2507 891 2535 veterum

149 2561 257 2601 testimonia,
274 2568 318 2601 quae
329 2558 396 2591 Ninum
406 2560 425 2590 iu
437 2560 507 2591 sinistra
519 2559 596 2600 Tigridis
608 2559 650 2601 ripa*
658 2561 769 2593 constitutam
779 2560 833 2593 inisse
845 2560 892 2592 affir-

148 2622 206 2657 mant,
217 2616 353 2658 rellrniserrima
365 2615 434 2648 illorum
445 2617 513 2649 ratione
525 2618 580 2649 altera
590 2617 622 2649 illa
633 2626 739 2658 magnopere
750 2617 891 2657 labefactaretur,

150 2683 193 2716 qnae
209 2677 229 2704 ut
243 2674 337 2705 referamus
358 2677 374 2704 et
391 2683 519 2714 recenseamus,
542 2683 603 2716 operae
619 2675 691 2716 pretium
703 2685 738 2708 non
751 2680 786 2717 est;
802 2675 844 2706 satis
860 2674 893 2705 erit

150 2739 201 2773 supra
213 2734 231 2761 et
243 2739 259 2770 p.
267 2732 294 2762 27.
307 2731 328 2762 67
342 2731 408 2773 aliquot
420 2739 442 2762 ex
454 2730 475 2762 iis
484 2730 593 2771 indigitasse;
606 2741 639 2773 quo
649 2732 736 2774 addimus,
749 2731 795 2776 quod
808 2739 892 2771 nusquam

150 2788 193 2820 Nini
208 2787 271 2820 rudera
285 2799 330 2821 nuno
340 2793 411 2831 possent
423 2788 493 2830 reperiri
498 2812 503 2828 ,
519 2787 559 2820 inde
574 2790 651 2821 maxime
664 2791 738 2831 probare
754 2801 769 2822 v.
783 2789 829 2829 dum,
846 2788 892 2830 quod

150 2844 220 2877 Nahum
232 2850 249 2877 et
260 2846 348 2889 Zephania
359 2846 495 2888 praedixissent,
509 2846 567 2879 urbem
579 2847 656 2880 funditus
669 2848 706 2881 fore
719 2847 806 2880 eversam!
