<?xml version="1.0" encoding="UTF-8"?>
<!DOCTYPE html PUBLIC "-//W3C//DTD XHTML 1.0 Transitional//EN"
    "http://www.w3.org/TR/xhtml1/DTD/xhtml1-transitional.dtd">
<html xmlns="http://www.w3.org/1999/xhtml" xml:lang="en" lang="en">
 <head>
  <title>
</title>
<meta http-equiv="Content-Type" content="text/html;charset=utf-8" />
  <meta name='ocr-system' content='tesseract 3.04.00' />
  <meta name='ocr-capabilities' content='ocr_page ocr_carea ocr_par ocr_line ocrx_word'/>
</head>
<body>
  <div class='ocr_page' id='page_1' title='image "MN41908ucmf_7_0189.png"; bbox 0 0 1889 3264; ppageno 0'>
   <div class='ocr_carea' id='block_1_1' title="bbox 290 697 645 745">
    <p class='ocr_par' dir='ltr' id='par_1_1' title="bbox 290 697 645 745">
     <span class='ocr_line' id='line_1_1' title="bbox 290 697 645 745; baseline 0.006 -2"><span class='ocrx_word' id='word_1_1' title='bbox 290 697 425 743; x_wconf 65' lang='lat' dir='ltr'>capot·</span> <span class='ocrx_word' id='word_1_2' title='bbox 446 698 645 745; x_wconf 66' lang='lat' dir='ltr'><strong>TERTIUM.</strong></span> 
     </span>
    </p>
   </div>
   <div class='ocr_carea' id='block_1_2' title="bbox 94 1006 843 1621">
    <p class='ocr_par' dir='ltr' id='par_1_2' title="bbox 94 1006 843 1621">
     <span class='ocr_line' id='line_1_2' title="bbox 96 1006 843 1078; baseline 0 -12"><span class='ocrx_word' id='word_1_3' title='bbox 96 1006 160 1072; x_wconf 78' lang='lat' dir='ltr'>Quae</span> <span class='ocrx_word' id='word_1_4' title='bbox 171 1028 234 1066; x_wconf 88' lang='lat' dir='ltr'>altero</span> <span class='ocrx_word' id='word_1_5' title='bbox 247 1026 312 1078; x_wconf 89' lang='lat' dir='ltr'>capite</span> <span class='ocrx_word' id='word_1_6' title='bbox 323 1026 402 1064; x_wconf 86' lang='lat' dir='ltr'>fuerant</span> <span class='ocrx_word' id='word_1_7' title='bbox 418 1026 529 1077; x_wconf 85' lang='lat' dir='ltr'>explicata,</span> <span class='ocrx_word' id='word_1_8' title='bbox 546 1026 615 1065; x_wconf 86' lang='lat' dir='ltr'>eadem</span> <span class='ocrx_word' id='word_1_9' title='bbox 631 1025 690 1064; x_wconf 88' lang='lat' dir='ltr'>tertio</span> <span class='ocrx_word' id='word_1_10' title='bbox 708 1027 748 1066; x_wconf 89' lang='lat' dir='ltr'>alia</span> <span class='ocrx_word' id='word_1_11' title='bbox 764 1027 843 1066; x_wconf 88' lang='lat' dir='ltr'>ratione</span> 
     </span>
     <span class='ocr_line' id='line_1_3' title="bbox 95 1093 842 1146; baseline 0 -12"><span class='ocrx_word' id='word_1_12' title='bbox 95 1096 225 1134; x_wconf 79' lang='lat' dir='ltr'>declarantur.</span> <span class='ocrx_word' id='word_1_13' title='bbox 243 1096 275 1133; x_wconf 87' lang='lat' dir='ltr'>Ae</span> <span class='ocrx_word' id='word_1_14' title='bbox 286 1094 371 1145; x_wconf 88' lang='lat' dir='ltr'>primum</span> <span class='ocrx_word' id='word_1_15' title='bbox 384 1093 464 1145; x_wconf 87' lang='lat' dir='ltr'>quidem</span> <span class='ocrx_word' id='word_1_16' title='bbox 480 1095 500 1146; x_wconf 82' lang='grc' dir='ltr'>Ι)</span> <span class='ocrx_word' id='word_1_17' title='bbox 513 1095 585 1134; x_wconf 87' lang='lat' dir='ltr'>sicario</span> <span class='ocrx_word' id='word_1_18' title='bbox 598 1100 618 1133; x_wconf 91' lang='lat' dir='ltr'>et</span> <span class='ocrx_word' id='word_1_19' title='bbox 629 1093 753 1134; x_wconf 75' lang='lat' dir='ltr'>interfectori</span> <span class='ocrx_word' id='word_1_20' title='bbox 772 1096 842 1134; x_wconf 89' lang='lat' dir='ltr'>caedes</span> 
     </span>
     <span class='ocr_line' id='line_1_4' title="bbox 94 1161 842 1213; baseline 0 -11"><span class='ocrx_word' id='word_1_21' title='bbox 94 1166 185 1212; x_wconf 76' lang='lat' dir='ltr'>v.1—3,</span> <span class='ocrx_word' id='word_1_22' title='bbox 208 1163 280 1201; x_wconf 90' lang='lat' dir='ltr'>foedae</span> <span class='ocrx_word' id='word_1_23' title='bbox 302 1161 401 1201; x_wconf 89' lang='lat' dir='ltr'>meretrici</span> <span class='ocrx_word' id='word_1_24' title='bbox 420 1162 527 1201; x_wconf 90' lang='lat' dir='ltr'>denudatio</span> <span class='ocrx_word' id='word_1_25' title='bbox 548 1168 568 1201; x_wconf 90' lang='lat' dir='ltr'>et</span> <span class='ocrx_word' id='word_1_26' title='bbox 587 1162 698 1213; x_wconf 83' lang='lat' dir='ltr'>ignominia</span> <span class='ocrx_word' id='word_1_27' title='bbox 719 1163 842 1213; x_wconf 80' lang='lat' dir='ltr'>praedicitur</span> 
     </span>
     <span class='ocr_line' id='line_1_5' title="bbox 94 1230 841 1283; baseline 0 -13"><span class='ocrx_word' id='word_1_28' title='bbox 94 1246 113 1271; x_wconf 85' lang='lat' dir='ltr'>v.</span> <span class='ocrx_word' id='word_1_29' title='bbox 126 1234 180 1269; x_wconf 75' lang='lat'><strong>4-7.</strong></span> <span class='ocrx_word' id='word_1_30' title='bbox 197 1230 228 1283; x_wconf 87' lang='grc' dir='ltr'>Π)</span> <span class='ocrx_word' id='word_1_31' title='bbox 239 1230 328 1278; x_wconf 88' lang='lat' dir='ltr'>Deinde,</span> <span class='ocrx_word' id='word_1_32' title='bbox 344 1243 369 1268; x_wconf 90' lang='lat' dir='ltr'>ne</span> <span class='ocrx_word' id='word_1_33' title='bbox 383 1230 477 1269; x_wconf 87' lang='lat' dir='ltr'>firmitate</span> <span class='ocrx_word' id='word_1_34' title='bbox 488 1231 579 1269; x_wconf 85' lang='lat' dir='ltr'>locorum</span> <span class='ocrx_word' id='word_1_35' title='bbox 591 1235 611 1269; x_wconf 89' lang='lat' dir='ltr'>et</span> <span class='ocrx_word' id='word_1_36' title='bbox 622 1230 726 1280; x_wconf 85' lang='lat' dir='ltr'>copiarum</span> <span class='ocrx_word' id='word_1_37' title='bbox 737 1236 841 1281; x_wconf 86' lang='lat' dir='ltr'>praestan—</span> 
     </span>
     <span class='ocr_line' id='line_1_6' title="bbox 94 1297 841 1349; baseline -0.001 -11"><span class='ocrx_word' id='word_1_38' title='bbox 94 1300 124 1338; x_wconf 88' lang='lat' dir='ltr'>tia</span> <span class='ocrx_word' id='word_1_39' title='bbox 135 1299 237 1349; x_wconf 85' lang='lat' dir='ltr'>depulsuri</span> <span class='ocrx_word' id='word_1_40' title='bbox 252 1298 388 1336; x_wconf 84' lang='lat' dir='ltr'>imminentem</span> <span class='ocrx_word' id='word_1_41' title='bbox 403 1310 471 1338; x_wconf 85' lang='lat' dir='ltr'>casum</span> <span class='ocrx_word' id='word_1_42' title='bbox 485 1297 603 1346; x_wconf 85' lang='lat' dir='ltr'>videantur,</span> <span class='ocrx_word' id='word_1_43' title='bbox 621 1297 737 1337; x_wconf 84' lang='lat' dir='ltr'>Thebarum</span> <span class='ocrx_word' id='word_1_44' title='bbox 749 1299 841 1349; x_wconf 84' lang='lat' dir='ltr'>exemplo</span> 
     </span>
     <span class='ocr_line' id='line_1_7' title="bbox 94 1365 841 1417; baseline -0.003 -10"><span class='ocrx_word' id='word_1_45' title='bbox 94 1370 181 1407; x_wconf 70' lang='lat' dir='ltr'>rad-10</span> <span class='ocrx_word' id='word_1_46' title='bbox 193 1367 298 1417; x_wconf 87' lang='lat' dir='ltr'>proposito</span> <span class='ocrx_word' id='word_1_47' title='bbox 317 1365 409 1414; x_wconf 89' lang='lat' dir='ltr'>docetur,</span> <span class='ocrx_word' id='word_1_48' title='bbox 425 1366 513 1405; x_wconf 89' lang='lat' dir='ltr'>humana</span> <span class='ocrx_word' id='word_1_49' title='bbox 529 1366 630 1417; x_wconf 87' lang='lat' dir='ltr'>praesidia</span> <span class='ocrx_word' id='word_1_50' title='bbox 646 1371 716 1405; x_wconf 91' lang='lat' dir='ltr'>contra</span> <span class='ocrx_word' id='word_1_51' title='bbox 731 1366 841 1405; x_wconf 88' lang='lat' dir='ltr'>Dominum</span> 
     </span>
     <span class='ocr_line' id='line_1_8' title="bbox 95 1433 842 1485; baseline -0.001 -12"><span class='ocrx_word' id='word_1_52' title='bbox 95 1435 144 1473; x_wconf 91' lang='lat' dir='ltr'>nihil</span> <span class='ocrx_word' id='word_1_53' title='bbox 158 1435 225 1473; x_wconf 89' lang='lat' dir='ltr'>valere</span> <span class='ocrx_word' id='word_1_54' title='bbox 241 1447 259 1472; x_wconf 92' lang='lat' dir='ltr'>v.</span> <span class='ocrx_word' id='word_1_55' title='bbox 270 1436 344 1472; x_wconf 83' lang='lat'>11-13.</span> <span class='ocrx_word' id='word_1_56' title='bbox 366 1433 407 1485; x_wconf 85' lang='lat'><em>111)</em></span> <span class='ocrx_word' id='word_1_57' title='bbox 419 1434 474 1481; x_wconf 86' lang='lat' dir='ltr'>Imo,</span> <span class='ocrx_word' id='word_1_58' title='bbox 491 1447 531 1485; x_wconf 84' lang='lat' dir='ltr'>quo</span> <span class='ocrx_word' id='word_1_59' title='bbox 547 1434 611 1485; x_wconf 85' lang='lat' dir='ltr'>magis</span> <span class='ocrx_word' id='word_1_60' title='bbox 627 1433 706 1484; x_wconf 88' lang='lat' dir='ltr'>pollent</span> <span class='ocrx_word' id='word_1_61' title='bbox 723 1447 805 1474; x_wconf 90' lang='lat' dir='ltr'>numero</span> <span class='ocrx_word' id='word_1_62' title='bbox 822 1440 842 1473; x_wconf 93' lang='lat' dir='ltr'>et</span> 
     </span>
     <span class='ocr_line' id='line_1_9' title="bbox 95 1501 840 1554; baseline 0.001 -13"><span class='ocrx_word' id='word_1_63' title='bbox 95 1502 181 1551; x_wconf 87' lang='lat' dir='ltr'>viribus,</span> <span class='ocrx_word' id='word_1_64' title='bbox 196 1514 219 1540; x_wconf 88' lang='lat' dir='ltr'>co</span> <span class='ocrx_word' id='word_1_65' title='bbox 237 1501 321 1550; x_wconf 87' lang='lat' dir='ltr'>certior,</span> <span class='ocrx_word' id='word_1_66' title='bbox 337 1514 361 1539; x_wconf 92' lang='lat' dir='ltr'>eo</span> <span class='ocrx_word' id='word_1_67' title='bbox 378 1502 497 1552; x_wconf 84' lang='lat' dir='ltr'>cumulatior</span> <span class='ocrx_word' id='word_1_68' title='bbox 512 1501 550 1540; x_wconf 90' lang='lat' dir='ltr'>erit</span> <span class='ocrx_word' id='word_1_69' title='bbox 564 1501 623 1541; x_wconf 87' lang='lat' dir='ltr'>ruina</span> <span class='ocrx_word' id='word_1_70' title='bbox 638 1515 657 1541; x_wconf 89' lang='lat' dir='ltr'>v.</span> <span class='ocrx_word' id='word_1_71' title='bbox 668 1504 743 1551; x_wconf 83' lang='grc'>14-17,</span> <span class='ocrx_word' id='word_1_72' title='bbox 759 1516 800 1554; x_wconf 88' lang='lat' dir='ltr'>qua</span> <span class='ocrx_word' id='word_1_73' title='bbox 815 1503 840 1542; x_wconf 89' lang='lat' dir='ltr'>ob</span> 
     </span>
     <span class='ocr_line' id='line_1_10' title="bbox 94 1569 841 1621; baseline 0.001 -13"><span class='ocrx_word' id='word_1_74' title='bbox 94 1570 239 1608; x_wconf 86' lang='lat' dir='ltr'>immanitatem</span> <span class='ocrx_word' id='word_1_75' title='bbox 249 1569 372 1620; x_wconf 84' lang='lat' dir='ltr'>flagitiorum</span> <span class='ocrx_word' id='word_1_76' title='bbox 384 1574 404 1607; x_wconf 89' lang='lat' dir='ltr'>et</span> <span class='ocrx_word' id='word_1_77' title='bbox 415 1569 512 1608; x_wconf 86' lang='lat' dir='ltr'>scelerum</span> <span class='ocrx_word' id='word_1_78' title='bbox 526 1570 653 1621; x_wconf 87' lang='lat' dir='ltr'>magnificum</span> <span class='ocrx_word' id='word_1_79' title='bbox 665 1571 796 1621; x_wconf 81' lang='lat' dir='ltr'>Assyriorum</span> <span class='ocrx_word' id='word_1_80' title='bbox 810 1584 841 1609; x_wconf 88' lang='lat' dir='ltr'>re-</span> 
     </span>
    </p>
   </div>
   <div class='ocr_carea' id='block_1_3' title="bbox 95 1626 840 1755">
    <p class='ocr_par' dir='ltr' id='par_1_3' title="bbox 95 1626 840 1755">
     <span class='ocr_line' id='line_1_11' title="bbox 95 1626 422 1689; baseline -0.006 -13"><span class='ocrx_word' id='word_1_81' title='bbox 95 1651 155 1689; x_wconf 87' lang='lat' dir='ltr'>gnum</span> <span class='ocrx_word' id='word_1_82' title='bbox 167 1638 311 1688; x_wconf 78' lang='lat' dir='ltr'>exstinguetur,</span> <span class='ocrx_word' id='word_1_83' title='bbox 322 1650 341 1675; x_wconf 88' lang='lat' dir='ltr'>v.</span> <span class='ocrx_word' id='word_1_84' title='bbox 355 1626 422 1685; x_wconf 75' lang='lat' dir='ltr'>i8,19.</span> 
     </span>
     <span class='ocr_line' id='line_1_12' title="bbox 128 1704 840 1755; baseline 0.001 -12"><span class='ocrx_word' id='word_1_85' title='bbox 128 1706 172 1744; x_wconf 87' lang='lat' dir='ltr'>Iam</span> <span class='ocrx_word' id='word_1_86' title='bbox 183 1718 231 1744; x_wconf 89' lang='lat' dir='ltr'>vero</span> <span class='ocrx_word' id='word_1_87' title='bbox 247 1706 298 1743; x_wconf 88' lang='lat' dir='ltr'>hanc</span> <span class='ocrx_word' id='word_1_88' title='bbox 309 1704 397 1743; x_wconf 84' lang='lat' dir='ltr'>vaticinii</span> <span class='ocrx_word' id='word_1_89' title='bbox 409 1709 487 1755; x_wconf 90' lang='lat' dir='ltr'>partem</span> <span class='ocrx_word' id='word_1_90' title='bbox 499 1719 539 1743; x_wconf 92' lang='lat' dir='ltr'>non</span> <span class='ocrx_word' id='word_1_91' title='bbox 555 1705 639 1744; x_wconf 87' lang='lat' dir='ltr'>alienam</span> <span class='ocrx_word' id='word_1_92' title='bbox 656 1718 700 1744; x_wconf 86' lang='lat' dir='ltr'>esse</span> <span class='ocrx_word' id='word_1_93' title='bbox 717 1706 743 1743; x_wconf 90' lang='lat' dir='ltr'>ab</span> <span class='ocrx_word' id='word_1_94' title='bbox 762 1710 840 1744; x_wconf 84' lang='lat' dir='ltr'>antece-</span> 
     </span>
    </p>
   </div>
   <div class='ocr_carea' id='block_1_4' title="bbox 94 1773 840 2912">
    <p class='ocr_par' dir='ltr' id='par_1_4' title="bbox 94 1773 840 2912">
     <span class='ocr_line' id='line_1_13' title="bbox 95 1773 839 1830; baseline 0.001 -19"><span class='ocrx_word' id='word_1_95' title='bbox 95 1774 159 1822; x_wconf 86' lang='lat' dir='ltr'>denti,</span> <span class='ocrx_word' id='word_1_96' title='bbox 173 1774 207 1812; x_wconf 86' lang='lat' dir='ltr'>sed</span> <span class='ocrx_word' id='word_1_97' title='bbox 219 1773 331 1812; x_wconf 89' lang='lat' dir='ltr'>arctissima</span> <span class='ocrx_word' id='word_1_98' title='bbox 341 1785 384 1810; x_wconf 89' lang='lat' dir='ltr'>cum</span> <span class='ocrx_word' id='word_1_99' title='bbox 398 1786 422 1811; x_wconf 90' lang='lat' dir='ltr'>ea</span> <span class='ocrx_word' id='word_1_100' title='bbox 433 1773 531 1812; x_wconf 86' lang='lat' dir='ltr'>contineri</span> <span class='ocrx_word' id='word_1_101' title='bbox 542 1774 700 1830; x_wconf 81' lang='lat' dir='ltr'>necessitudine,</span> <span class='ocrx_word' id='word_1_102' title='bbox 710 1786 768 1811; x_wconf 92' lang='lat' dir='ltr'>nemo</span> <span class='ocrx_word' id='word_1_103' title='bbox 778 1785 839 1824; x_wconf 84' lang='lat' dir='ltr'>nega-</span> 
     </span>
     <span class='ocr_line' id='line_1_14' title="bbox 95 1841 839 1893; baseline 0 -14"><span class='ocrx_word' id='word_1_104' title='bbox 95 1841 134 1890; x_wconf 85' lang='lat' dir='ltr'>bit,</span> <span class='ocrx_word' id='word_1_105' title='bbox 153 1842 187 1892; x_wconf 86' lang='lat' dir='ltr'>qui</span> <span class='ocrx_word' id='word_1_106' title='bbox 198 1842 230 1879; x_wconf 91' lang='lat' dir='ltr'>vel</span> <span class='ocrx_word' id='word_1_107' title='bbox 242 1841 305 1879; x_wconf 85' lang='lat' dir='ltr'>obiter</span> <span class='ocrx_word' id='word_1_108' title='bbox 314 1847 418 1893; x_wconf 82' lang='lat' dir='ltr'>extremos</span> <span class='ocrx_word' id='word_1_109' title='bbox 430 1841 512 1888; x_wconf 85' lang='lat' dir='ltr'>alterius</span> <span class='ocrx_word' id='word_1_110' title='bbox 524 1841 596 1892; x_wconf 89' lang='lat' dir='ltr'>capitis</span> <span class='ocrx_word' id='word_1_111' title='bbox 608 1847 628 1880; x_wconf 92' lang='lat' dir='ltr'>et</span> <span class='ocrx_word' id='word_1_112' title='bbox 643 1841 697 1879; x_wconf 90' lang='lat' dir='ltr'>tertii</span> <span class='ocrx_word' id='word_1_113' title='bbox 707 1841 783 1891; x_wconf 89' lang='lat' dir='ltr'>primos</span> <span class='ocrx_word' id='word_1_114' title='bbox 795 1854 839 1880; x_wconf 93' lang='lat' dir='ltr'>ver-</span> 
     </span>
     <span class='ocr_line' id='line_1_15' title="bbox 95 1909 839 1960; baseline 0.001 -12"><span class='ocrx_word' id='word_1_115' title='bbox 95 1922 129 1948; x_wconf 89' lang='lat' dir='ltr'>sus</span> <span class='ocrx_word' id='word_1_116' title='bbox 140 1910 193 1947; x_wconf 86' lang='lat' dir='ltr'>inter</span> <span class='ocrx_word' id='word_1_117' title='bbox 204 1922 226 1948; x_wconf 88' lang='lat' dir='ltr'>se</span> <span class='ocrx_word' id='word_1_118' title='bbox 238 1909 366 1947; x_wconf 86' lang='lat' dir='ltr'>contenderit.</span> <span class='ocrx_word' id='word_1_119' title='bbox 383 1909 445 1947; x_wconf 87' lang='lat' dir='ltr'>Vates</span> <span class='ocrx_word' id='word_1_120' title='bbox 458 1909 510 1947; x_wconf 89' lang='lat' dir='ltr'>enim</span> <span class='ocrx_word' id='word_1_121' title='bbox 521 1910 597 1959; x_wconf 83' lang='lat' dir='ltr'>ingenti</span> <span class='ocrx_word' id='word_1_122' title='bbox 607 1909 704 1948; x_wconf 89' lang='lat' dir='ltr'>scelerum</span> <span class='ocrx_word' id='word_1_123' title='bbox 713 1910 738 1947; x_wconf 90' lang='lat' dir='ltr'>ab</span> <span class='ocrx_word' id='word_1_124' title='bbox 747 1910 839 1960; x_wconf 86' lang='lat' dir='ltr'>Assyriis</span> 
     </span>
     <span class='ocr_line' id='line_1_16' title="bbox 96 1976 840 2027; baseline 0 -12"><span class='ocrx_word' id='word_1_125' title='bbox 96 1977 248 2016; x_wconf 86' lang='lat' dir='ltr'>commissorum</span> <span class='ocrx_word' id='word_1_126' title='bbox 258 1976 366 2015; x_wconf 87' lang='lat' dir='ltr'>memoriae</span> <span class='ocrx_word' id='word_1_127' title='bbox 378 1977 501 2027; x_wconf 87' lang='lat' dir='ltr'>aliquamdiu</span> <span class='ocrx_word' id='word_1_128' title='bbox 511 1978 629 2016; x_wconf 83' lang='lat' dir='ltr'>immoratus</span> <span class='ocrx_word' id='word_1_129' title='bbox 641 1983 729 2015; x_wconf 87' lang='lat' dir='ltr'>atrocem</span> <span class='ocrx_word' id='word_1_130' title='bbox 741 1976 840 2015; x_wconf 85' lang='lat' dir='ltr'>declamat</span> 
     </span>
     <span class='ocr_line' id='line_1_17' title="bbox 94 2045 840 2096; baseline 0 -14"><span class='ocrx_word' id='word_1_131' title='bbox 94 2045 255 2093; x_wconf 88' lang='lat' dir='ltr'>retributionem,</span> <span class='ocrx_word' id='word_1_132' title='bbox 269 2058 329 2096; x_wconf 85' lang='lat' dir='ltr'>quam</span> <span class='ocrx_word' id='word_1_133' title='bbox 340 2045 444 2094; x_wconf 89' lang='lat' dir='ltr'>profusum</span> <span class='ocrx_word' id='word_1_134' title='bbox 456 2045 572 2095; x_wconf 89' lang='lat' dir='ltr'>sanguinem</span> <span class='ocrx_word' id='word_1_135' title='bbox 580 2045 635 2084; x_wconf 88' lang='lat' dir='ltr'>videt</span> <span class='ocrx_word' id='word_1_136' title='bbox 646 2045 709 2095; x_wconf 83' lang='lat' dir='ltr'>sequi.</span> <span class='ocrx_word' id='word_1_137' title='bbox 728 2045 796 2094; x_wconf 75' lang='lat' dir='ltr'>Quare</span> <span class='ocrx_word' id='word_1_138' title='bbox 807 2045 840 2084; x_wconf 87' lang='lat' dir='ltr'>vel</span> 
     </span>
     <span class='ocr_line' id='line_1_18' title="bbox 95 2112 839 2164; baseline 0.001 -14"><span class='ocrx_word' id='word_1_139' title='bbox 95 2113 133 2150; x_wconf 89' lang='lat' dir='ltr'>hoc</span> <span class='ocrx_word' id='word_1_140' title='bbox 144 2113 188 2162; x_wconf 89' lang='lat' dir='ltr'>ipso</span> <span class='ocrx_word' id='word_1_141' title='bbox 204 2118 320 2164; x_wconf 89' lang='lat' dir='ltr'>argumento</span> <span class='ocrx_word' id='word_1_142' title='bbox 328 2125 396 2150; x_wconf 89' lang='lat' dir='ltr'>eorum</span> <span class='ocrx_word' id='word_1_143' title='bbox 404 2113 519 2163; x_wconf 84' lang='lat' dir='ltr'>infringitur</span> <span class='ocrx_word' id='word_1_144' title='bbox 528 2113 635 2160; x_wconf 89' lang='lat' dir='ltr'>sententia,</span> <span class='ocrx_word' id='word_1_145' title='bbox 649 2112 683 2164; x_wconf 85' lang='lat' dir='ltr'>qui</span> <span class='ocrx_word' id='word_1_146' title='bbox 692 2112 776 2151; x_wconf 88' lang='lat' dir='ltr'>alteram</span> <span class='ocrx_word' id='word_1_147' title='bbox 785 2113 839 2151; x_wconf 92' lang='lat' dir='ltr'>dein-</span> 
     </span>
     <span class='ocr_line' id='line_1_19' title="bbox 96 2179 840 2231; baseline 0.001 -13"><span class='ocrx_word' id='word_1_148' title='bbox 96 2193 142 2230; x_wconf 83' lang='lat' dir='ltr'>ceps</span> <span class='ocrx_word' id='word_1_149' title='bbox 162 2181 331 2231; x_wconf 78' lang='lat' dir='ltr'>expugnationem</span> <span class='ocrx_word' id='word_1_150' title='bbox 349 2179 399 2218; x_wconf 86' lang='lat' dir='ltr'>Nini</span> <span class='ocrx_word' id='word_1_151' title='bbox 422 2188 442 2218; x_wconf 87' lang='lat' dir='ltr'>et</span> <span class='ocrx_word' id='word_1_152' title='bbox 465 2182 588 2220; x_wconf 82' lang='lat' dir='ltr'>eversionem</span> <span class='ocrx_word' id='word_1_153' title='bbox 612 2181 697 2219; x_wconf 86' lang='lat' dir='ltr'>describi</span> <span class='ocrx_word' id='word_1_154' title='bbox 721 2181 840 2219; x_wconf 87' lang='lat' dir='ltr'>cavillarunt</span> 
     </span>
     <span class='ocr_line' id='line_1_20' title="bbox 95 2248 838 2300; baseline 0.001 -14"><span class='ocrx_word' id='word_1_155' title='bbox 95 2248 201 2298; x_wconf 78' lang='lat' dir='ltr'>(Huurrus</span> <span class='ocrx_word' id='word_1_156' title='bbox 213 2249 321 2298; x_wconf 73' lang='lat' dir='ltr'>demonstr.</span> <span class='ocrx_word' id='word_1_157' title='bbox 334 2261 404 2299; x_wconf 84' lang='lat' dir='ltr'>evang.</span> <span class='ocrx_word' id='word_1_158' title='bbox 416 2248 547 2299; x_wconf 73' lang='lat' dir='ltr'>propositi,</span> <span class='ocrx_word' id='word_1_159' title='bbox 561 2249 673 2296; x_wconf 76' lang='lat' dir='ltr'>Canmsnr,</span> <span class='ocrx_word' id='word_1_160' title='bbox 685 2249 838 2300; x_wconf 68' lang='lat' dir='ltr'>narremur),</span> 
     </span>
     <span class='ocr_line' id='line_1_21' title="bbox 97 2302 839 2356; baseline 0.001 -3"><span class='ocrx_word' id='word_1_161' title='bbox 97 2316 152 2355; x_wconf 88' lang='lat' dir='ltr'>cuius</span> <span class='ocrx_word' id='word_1_162' title='bbox 164 2317 280 2355; x_wconf 89' lang='lat' dir='ltr'>memoriam</span> <span class='ocrx_word' id='word_1_163' title='bbox 291 2316 372 2354; x_wconf 86' lang='lat' dir='ltr'>iamiam</span> <span class='ocrx_word' id='word_1_164' title='bbox 384 2317 504 2355; x_wconf 77' lang='lat' dir='ltr'>exstinctam</span> <span class='ocrx_word' id='word_1_165' title='bbox 516 2302 614 2356; x_wconf 58' lang='lat' dir='ltr'>essebne</span> <span class='ocrx_word' id='word_1_166' title='bbox 626 2321 729 2355; x_wconf 84' lang='lat' dir='ltr'>asseverat</span> <span class='ocrx_word' id='word_1_167' title='bbox 739 2316 839 2355; x_wconf 68' lang='lat' dir='ltr'>Hanune-</span> 
     </span>
     <span class='ocr_line' id='line_1_22' title="bbox 96 2384 839 2435; baseline 0.001 -13"><span class='ocrx_word' id='word_1_168' title='bbox 96 2395 179 2423; x_wconf 80' lang='lat' dir='ltr'>ruornus</span> <span class='ocrx_word' id='word_1_169' title='bbox 191 2384 244 2422; x_wconf 86' lang='lat' dir='ltr'>Einl.</span> <span class='ocrx_word' id='word_1_170' title='bbox 260 2384 349 2423; x_wconf 83' lang='lat' dir='ltr'>Defensa</span> <span class='ocrx_word' id='word_1_171' title='bbox 362 2389 392 2423; x_wconf 90' lang='lat' dir='ltr'>est</span> <span class='ocrx_word' id='word_1_172' title='bbox 403 2384 502 2423; x_wconf 88' lang='lat' dir='ltr'>uberrime</span> <span class='ocrx_word' id='word_1_173' title='bbox 513 2390 533 2423; x_wconf 88' lang='lat' dir='ltr'>et</span> <span class='ocrx_word' id='word_1_174' title='bbox 544 2385 628 2435; x_wconf 87' lang='lat' dir='ltr'>singulis</span> <span class='ocrx_word' id='word_1_175' title='bbox 640 2385 737 2435; x_wconf 83' lang='lat' dir='ltr'>adaptata</span> <span class='ocrx_word' id='word_1_176' title='bbox 748 2384 839 2424; x_wconf 92' lang='lat' dir='ltr'>versibus</span> 
     </span>
     <span class='ocr_line' id='line_1_23' title="bbox 96 2451 840 2505; baseline -0.001 -14"><span class='ocrx_word' id='word_1_177' title='bbox 96 2466 109 2491; x_wconf 86' lang='lat' dir='ltr'>a</span> <span class='ocrx_word' id='word_1_178' title='bbox 120 2451 250 2500; x_wconf 77' lang='lat' dir='ltr'>Kaumsnro,</span> <span class='ocrx_word' id='word_1_179' title='bbox 267 2452 301 2505; x_wconf 81' lang='lat' dir='ltr'>qui</span> <span class='ocrx_word' id='word_1_180' title='bbox 318 2465 329 2490; x_wconf 89' lang='lat' dir='ltr'>e</span> <span class='ocrx_word' id='word_1_181' title='bbox 344 2453 445 2503; x_wconf 85' lang='lat' dir='ltr'>perversis</span> <span class='ocrx_word' id='word_1_182' title='bbox 457 2453 498 2491; x_wconf 84' lang='lat' dir='ltr'>suis</span> <span class='ocrx_word' id='word_1_183' title='bbox 511 2453 535 2491; x_wconf 91' lang='lat' dir='ltr'>de</span> <span class='ocrx_word' id='word_1_184' title='bbox 546 2454 606 2492; x_wconf 87' lang='lat' dir='ltr'>rebus</span> <span class='ocrx_word' id='word_1_185' title='bbox 617 2452 749 2504; x_wconf 86' lang='lat' dir='ltr'>Assyriorum</span> <span class='ocrx_word' id='word_1_186' title='bbox 761 2452 840 2503; x_wconf 71' lang='lat' dir='ltr'>opinio«</span> 
     </span>
     <span class='ocr_line' id='line_1_24' title="bbox 96 2519 840 2572; baseline 0.003 -14"><span class='ocrx_word' id='word_1_187' title='bbox 96 2519 154 2559; x_wconf 93' lang='lat' dir='ltr'>nibus</span> <span class='ocrx_word' id='word_1_188' title='bbox 170 2520 233 2558; x_wconf 88' lang='lat' dir='ltr'>altero</span> <span class='ocrx_word' id='word_1_189' title='bbox 251 2520 315 2572; x_wconf 86' lang='lat' dir='ltr'>capite</span> <span class='ocrx_word' id='word_1_190' title='bbox 332 2521 500 2572; x_wconf 80' lang='lat' dir='ltr'>expugnationem</span> <span class='ocrx_word' id='word_1_191' title='bbox 515 2521 551 2561; x_wconf 92' lang='lat' dir='ltr'>sub</span> <span class='ocrx_word' id='word_1_192' title='bbox 564 2520 702 2572; x_wconf 79' lang='lat' dir='ltr'>Sardanapalo</span> <span class='ocrx_word' id='word_1_193' title='bbox 718 2522 743 2559; x_wconf 88' lang='lat' dir='ltr'>ab</span> <span class='ocrx_word' id='word_1_194' title='bbox 759 2520 840 2560; x_wconf 84' lang='lat' dir='ltr'>Arbace</span> 
     </span>
     <span class='ocr_line' id='line_1_25' title="bbox 96 2587 839 2640; baseline 0.001 -15"><span class='ocrx_word' id='word_1_195' title='bbox 96 2588 180 2636; x_wconf 88' lang='lat' dir='ltr'>factam,</span> <span class='ocrx_word' id='word_1_196' title='bbox 196 2587 255 2626; x_wconf 86' lang='lat' dir='ltr'>tertio</span> <span class='ocrx_word' id='word_1_197' title='bbox 271 2594 337 2627; x_wconf 88' lang='lat' dir='ltr'>autem</span> <span class='ocrx_word' id='word_1_198' title='bbox 352 2603 365 2627; x_wconf 91' lang='lat' dir='ltr'>a</span> <span class='ocrx_word' id='word_1_199' title='bbox 376 2588 471 2639; x_wconf 79' lang='lat' dir='ltr'>Cyaxare</span> <span class='ocrx_word' id='word_1_200' title='bbox 486 2590 523 2629; x_wconf 88' lang='lat' dir='ltr'>sub</span> <span class='ocrx_word' id='word_1_201' title='bbox 536 2588 675 2640; x_wconf 78' lang='lat' dir='ltr'>Chyniladano</span> <span class='ocrx_word' id='word_1_202' title='bbox 692 2588 777 2627; x_wconf 88' lang='lat' dir='ltr'>describi</span> <span class='ocrx_word' id='word_1_203' title='bbox 793 2601 839 2627; x_wconf 91' lang='lat' dir='ltr'>con-</span> 
     </span>
     <span class='ocr_line' id='line_1_26' title="bbox 97 2656 839 2708; baseline 0.001 -14"><span class='ocrx_word' id='word_1_204' title='bbox 97 2656 170 2702; x_wconf 80' lang='lat' dir='ltr'>tendit3</span> <span class='ocrx_word' id='word_1_205' title='bbox 183 2660 254 2693; x_wconf 86' lang='lat' dir='ltr'>contra</span> <span class='ocrx_word' id='word_1_206' title='bbox 265 2670 324 2707; x_wconf 83' lang='lat' dir='ltr'>quem</span> <span class='ocrx_word' id='word_1_207' title='bbox 335 2657 482 2696; x_wconf 77' lang='lat' dir='ltr'>Erouuonurus</span> <span class='ocrx_word' id='word_1_208' title='bbox 493 2657 547 2696; x_wconf 84' lang='lat' dir='ltr'>Einl.</span> <span class='ocrx_word' id='word_1_209' title='bbox 559 2657 600 2705; x_wconf 80' lang='lat'>111,</span> <span class='ocrx_word' id='word_1_210' title='bbox 612 2670 632 2708; x_wconf 85' lang='lat' dir='ltr'>p.</span> <span class='ocrx_word' id='word_1_211' title='bbox 645 2659 678 2695; x_wconf 73' lang='lat'>232</span> <span class='ocrx_word' id='word_1_212' title='bbox 693 2669 720 2696; x_wconf 88' lang='lat' dir='ltr'>ss.</span> <span class='ocrx_word' id='word_1_213' title='bbox 732 2656 796 2695; x_wconf 88' lang='lat' dir='ltr'>multa</span> <span class='ocrx_word' id='word_1_214' title='bbox 807 2669 839 2695; x_wconf 88' lang='lat' dir='ltr'>sa-</span> 
     </span>
     <span class='ocr_line' id='line_1_27' title="bbox 96 2724 839 2776; baseline 0.003 -14"><span class='ocrx_word' id='word_1_215' title='bbox 96 2724 122 2762; x_wconf 91' lang='lat' dir='ltr'>tis</span> <span class='ocrx_word' id='word_1_216' title='bbox 134 2729 226 2762; x_wconf 87' lang='lat' dir='ltr'>accurate</span> <span class='ocrx_word' id='word_1_217' title='bbox 241 2724 355 2775; x_wconf 87' lang='lat' dir='ltr'>disputavit.</span> <span class='ocrx_word' id='word_1_218' title='bbox 372 2725 480 2776; x_wconf 88' lang='lat' dir='ltr'>Proprium</span> <span class='ocrx_word' id='word_1_219' title='bbox 499 2731 529 2765; x_wconf 89' lang='lat' dir='ltr'>est</span> <span class='ocrx_word' id='word_1_220' title='bbox 544 2730 610 2763; x_wconf 89' lang='lat' dir='ltr'>autem</span> <span class='ocrx_word' id='word_1_221' title='bbox 626 2724 682 2775; x_wconf 88' lang='lat' dir='ltr'>poesi</span> <span class='ocrx_word' id='word_1_222' title='bbox 698 2729 717 2763; x_wconf 88' lang='lat' dir='ltr'>et</span> <span class='ocrx_word' id='word_1_223' title='bbox 729 2724 839 2764; x_wconf 87' lang='lat' dir='ltr'>visionibus</span> 
     </span>
     <span class='ocr_line' id='line_1_28' title="bbox 96 2791 839 2844; baseline -0.001 -13"><span class='ocrx_word' id='word_1_224' title='bbox 96 2797 174 2840; x_wconf 89' lang='lat' dir='ltr'>vatum,</span> <span class='ocrx_word' id='word_1_225' title='bbox 190 2791 245 2842; x_wconf 80' lang='lat' dir='ltr'>quod</span> <span class='ocrx_word' id='word_1_226' title='bbox 260 2792 339 2831; x_wconf 89' lang='lat' dir='ltr'>easdem</span> <span class='ocrx_word' id='word_1_227' title='bbox 354 2805 387 2831; x_wconf 84' lang='lat' dir='ltr'>res</span> <span class='ocrx_word' id='word_1_228' title='bbox 402 2806 415 2831; x_wconf 88' lang='lat' dir='ltr'>a</span> <span class='ocrx_word' id='word_1_229' title='bbox 430 2793 515 2833; x_wconf 86' lang='lat' dir='ltr'>diversis</span> <span class='ocrx_word' id='word_1_230' title='bbox 527 2793 584 2844; x_wconf 87' lang='lat' dir='ltr'>quasi</span> <span class='ocrx_word' id='word_1_231' title='bbox 596 2793 687 2844; x_wconf 86' lang='lat' dir='ltr'>partibus</span> <span class='ocrx_word' id='word_1_232' title='bbox 699 2793 784 2844; x_wconf 86' lang='lat' dir='ltr'>profecti</span> <span class='ocrx_word' id='word_1_233' title='bbox 796 2805 839 2831; x_wconf 87' lang='lat' dir='ltr'>sae-</span> 
     </span>
     <span class='ocr_line' id='line_1_29' title="bbox 98 2859 839 2912; baseline 0.001 -14"><span class='ocrx_word' id='word_1_234' title='bbox 98 2860 141 2899; x_wconf 87' lang='lat' dir='ltr'>dius</span> <span class='ocrx_word' id='word_1_235' title='bbox 157 2865 273 2908; x_wconf 73' lang='lat' dir='ltr'>retractent,</span> <span class='ocrx_word' id='word_1_236' title='bbox 290 2868 350 2912; x_wconf 84' lang='lat' dir='ltr'>atque</span> <span class='ocrx_word' id='word_1_237' title='bbox 367 2861 417 2900; x_wconf 85' lang='lat' dir='ltr'>adeo</span> <span class='ocrx_word' id='word_1_238' title='bbox 433 2862 496 2902; x_wconf 84' lang='lat' dir='ltr'>altera</span> <span class='ocrx_word' id='word_1_239' title='bbox 511 2862 560 2901; x_wconf 85' lang='lat' dir='ltr'>haec</span> <span class='ocrx_word' id='word_1_240' title='bbox 575 2861 692 2901; x_wconf 86' lang='lat' dir='ltr'>evertendae</span> <span class='ocrx_word' id='word_1_241' title='bbox 703 2859 753 2900; x_wconf 89' lang='lat' dir='ltr'>Nini</span> <span class='ocrx_word' id='word_1_242' title='bbox 768 2861 839 2900; x_wconf 90' lang='lat' dir='ltr'>decan-</span> 
     </span>
    </p>
   </div>
   <div class='ocr_carea' id='block_1_5' title="bbox 710 3007 727 3061">
    <p class='ocr_par' dir='ltr' id='par_1_5' title="bbox 710 3007 727 3061">
     <span class='ocr_line' id='line_1_30' title="bbox 710 3007 727 3061; baseline 0 0"><span class='ocrx_word' id='word_1_243' title='bbox 710 3007 727 3061; x_wconf 62' lang='lat' dir='ltr'>b</span> 
     </span>
    </p>
   </div>
   <div class='ocr_carea' id='block_1_6' title="bbox 0 0 950 3264">
    <p class='ocr_par' dir='ltr' id='par_1_6' title="bbox 0 0 950 3264">
     <span class='ocr_line' id='line_1_31' title="bbox 0 0 950 3264; baseline 0 0"><span class='ocrx_word' id='word_1_244' title='bbox 0 0 950 3264; x_wconf 95' lang='lat' dir='ltr'> </span> 
     </span>
    </p>
   </div>
  </div>
 </body>
</html>
