1889 3264
95 124 110 170 8
384 130 556 179 manunt.

93 253 240 301 Bneruotnr„
255 253 300 291 Etr.
321 254 474 303 contenderunt,
493 255 538 294 ideo
555 259 683 307 praesertim,
701 261 755 311 quod
775 260 839 311 prima

94 322 155 360 rerba
164 334 208 360 curn
218 320 347 372 sequentibus
359 321 415 360 nullo
426 324 486 361 modo
499 323 624 366 cohaereant.
643 326 673 363 At
683 340 730 365 vero
740 341 839 379 quaenam

93 394 161 439 potest
175 389 301 428 manifestior
317 402 362 429 esse
376 391 512 440 necessitudo,
529 404 589 443 quam
605 406 657 445 quae
671 394 776 434 intercedit
787 397 840 436 inter

94 462 232 508 argumentum
251 456 299 496 libri
320 463 339 497 et
359 459 473 498 auctorem?
508 460 601 510 Accedit,
627 462 681 513 quod
705 462 744 501 nisi
764 466 840 503 mentio

95 524 176 564 omnino
192 525 212 563 in
227 525 286 565 titulo
297 525 353 565 facta
363 525 414 565 Nini
429 533 491 576 esset,
508 541 573 579 usque
588 529 614 567 ad
624 529 655 579 Π7
668 533 679 568 9
694 543 731 568 nec
746 531 840 571 universa
862 545 864 548 ·

94 593 171 642 oratio⁷
183 607 220 632 nec
231 594 326 633 suffixum
337 594 386 632 illud
402 604 471 645 utsupra
490 595 511 644 l,
524 598 536 633 ὃ
547 609 588 647 quo
599 598 678 636 taudem
690 598 798 648 pertineret
810 600 840 637 di-

94 661 160 699 vinari
175 666 251 712 posset.
281 660 323 718 Gir.
335 662 389 700 infra
400 675 419 699 a.
431 661 451 698 h.
463 675 483 700 r.
499 685 524 690 —
545 662 654 704 Gmumus
670 672 740 704 contra
752 666 840 705 defendit

93 729 180 779 primam
194 728 313 779 particulam
324 742 336 768 e
347 727 489 768 consuetudine
500 735 580 780 vatum,
598 733 639 771 tale
655 734 702 786 qnid
718 734 840 773 inscribendi

95 797 191 846 oraculis,
209 797 293 835 alteram
309 796 408 846 destituit3
425 802 446 836 at
462 797 479 836 si
495 811 546 850 quae
562 805 592 839 est
606 802 750 852 prophetarum
765 803 786 841 in
801 804 840 841 hoc

94 877 166 916 genere
177 865 241 914 ratio,
259 879 282 904 ea
294 871 334 915 est,
351 872 374 905 ut
385 878 443 906 suum
453 867 565 918 praefigant
580 856 654 907 nometi
669 875 765 921 tanquam
777 870 839 909 diuini

95 933 177 983 spiritus
192 933 379 982 instrumentorum,
396 948 421 972 ne
438 946 496 973 omne
511 934 576 974 visum
588 941 642 975 stare
659 937 806 988 quodammodo
819 938 840 976 iu
890 973 892 977 ,

94 1001 171 1039 lubrico
184 1001 290 1040 videretur.

408 1314 528 1360 ussffd

126 1407 217 1448 Primum
229 1407 319 1448 vaticinii
332 1413 392 1460 caput
403 1408 468 1448 tribus
480 1408 583 1448 conficitur
599 1409 710 1462 particulis.
733 1410 754 1462 Ι)
765 1424 784 1450 v.
793 1414 843 1449 t-o

93 1479 208 1529 nutatura)
220 1477 252 1516 dei
263 1477 341 1516 indoles
354 1483 373 1516 et
384 1483 467 1526 natura,
480 1490 492 1516 a
504 1490 544 1529 qua
555 1477 661 1517 imminens
672 1478 764 1529 Assyriis
780 1479 842 1530 plaga

93 1546 201 1596 repetenda
213 1535 249 1594 εἰῦ,
261 1559 280 1584 v.
290 1548 307 1583 t.
319 1547 359 1592 3a;
371 1545 396 1596 b)
406 1545 500 1584 universa
512 1545 630 1583 describitur
642 1545 710 1584 iudicii
722 1546 786 1584 divini
797 1560 843 1596 spe-

94 1614 134 1652 cies
146 1627 164 1651 r.
173 1614 248 1660 3b-s;
264 1613 295 1664 Π)
305 1612 352 1650 inde
364 1612 413 1662 quid
424 1617 503 1651 maneat
515 1617 593 1662 gentem
605 1624 673 1660 suam,
690 1613 739 1663 quid
750 1613 843 1651 inimicos

94 1673 201 1731 Assyrios,
218 1680 326 1731 exponitur
341 1693 360 1718 v.
370 1682 438 1729 7-113
455 1679 540 1733 deniqne
557 1679 597 1731 ΠΙ)
608 1679 692 1719 Domini
704 1680 808 1721 consilium
823 1688 844 1720 et

93 1749 170 1788 iussum
182 1749 207 1788 de
223 1747 374 1801 exstinguendis
386 1748 478 1801 Assyriis
493 1755 513 1788 et
529 1748 633 1788 liberando
650 1750 726 1800 populo
743 1763 780 1790 suo
797 1751 842 1789 bre-

94 1818 146 1856 viter
157 1818 277 1869 proponitur
288 1831 306 1856 v.
318 1819 393 1855 12-14.

394 1992 548 2042 A.ua-u

406 2102 424 2128 o.
445 2091 490 2126 aa.
503 2091 536 2127 3a.

444 2215 463 2239 v.
476 2205 493 2239 2.

128 2294 182 2331 Deus
192 2293 258 2331 zelotes
269 2297 287 2329 et
298 2291 493 2336 calciacensDomtaua
505 2292 594 2329 ulciscens
601 2291 694 2329 Dominus
707 2297 724 2329 et
733 2296 786 2329 uesta
795 2292 840 2342 pol-

95 2361 143 2408 lens,
159 2361 249 2400 ulciscens
260 2359 355 2398 Dominus
366 2361 386 2398 tu
397 2361 482 2399 miratam
494 2372 537 2398 arros
549 2366 567 2398 et
578 2372 656 2398 seruans
667 2360 783 2399 aduersariis
795 2363 841 2400 sais.

95 2440 144 2481 artu
160 2443 207 2468 rara
224 2428 316 2469 adiectivi
327 2429 393 2467 forma
405 2428 450 2479 (cfr.
462 2429 503 2467 Ios.
512 2427 591 2476 XXIV,
605 2429 636 2479 lo)
648 2440 686 2477 pro
698 2428 777 2479 vulgari
792 2438 841 2488 urfa,

95 2510 161 2537 acrem
172 2503 230 2537 notat
242 2505 262 2535 et
270 2501 372 2535 strenuum
382 2509 416 2535 seu
424 2496 445 2533 in
457 2496 543 2534 amando
555 2495 619 2534 seuin
627 2495 731 2534 irascendo
741 2496 842 2543 animum3

95 2567 177 2604 verbum
189 2574 229 2619 usu
246 2570 266 2602 et
277 2575 349 2602 nomen
361 2572 417 2622 neap
433 2568 475 2600 tum
491 2563 539 2611 hac,
557 2568 600 2600 turn
615 2562 650 2600 illa
665 2562 738 2612 legitur
754 2564 842 2611 notione,

95 2645 140 2670 cunr
159 2632 257 2671 adiectivo
278 2643 382 2669 commune
400 2629 504 2682 utriusque
523 2629 672 2669 fundamentum
692 2630 746 2671 insit.
778 2630 844 2681 Quam

95 2702 151 2741 vocis
167 2701 285 2741 senteutiam
297 2699 403 2751 descripsit
415 2698 520 2738 tlsrusrr.
532 2698 603 2749 (Beitr.
614 2699 655 2749 ΙΙΙ,
667 2702 708 2739 455.
727 2700 767 2739 Die
780 2700 844 2750 Opfer

95 2771 130 2808 der
146 2771 191 2809 hail.
205 2768 279 2809 Schrift
293 2783 313 2819 p.
323 2770 355 2820 21)
373 2774 469 2820 tanquam
484 2767 569 2806 alacrem
588 2762 711 2821 ἐνέργειαν,
729 2782 769 2819 qua
785 2781 844 2806 verus

96 2845 115 2877 ct
127 2839 184 2877 virus
196 2837 277 2877 Israelis
290 2841 309 2875 et
322 2836 481 2876 Christianorum
493 2835 541 2874 deus
558 2835 648 2874 differta
663 2836 746 2874 factitiis
764 2834 844 2873 simula-
