1889 3264
95 144 160 170 cxxiv
328 133 492 171 Pirouucouarn.
511 131 559 171 Car.
572 134 608 171 HI.

97 256 178 306 mapali¹
190 261 314 304 nuncupatum
326 256 361 293 rix
371 261 436 294 autem
446 256 526 294 dubium
535 262 577 303 est,
590 256 638 305 quin
650 257 755 294 eorundem
768 268 836 306 regum

97 324 175 361 diuersa
191 323 221 360 illi
237 322 318 361 uomina
332 325 473 374 perscripsisse
491 323 574 374 putandi
589 321 649 361 siuti.
668 323 741 361 Verum
759 324 776 362 si
789 323 836 374 quid

97 390 160 439 accipi
171 390 196 428 de
207 390 247 428 illis
259 395 336 440 potest,
352 393 390 430 hoo
402 399 443 440 est,
459 392 513 443 quod
529 390 620 429 luxuriae
631 390 696 441 magis
708 403 751 429 sese
763 391 836 441 magis-

97 470 136 507 que
148 457 261 505 dederunti,
274 463 334 510 atque
346 460 460 509 depravatis
476 459 548 498 civium
565 458 654 497 moribus
665 470 748 508 reguum
760 471 783 496 eo
796 471 837 496 cer-

96 525 136 564 tius
145 525 171 563 ad
181 526 300 564 destinatum
308 527 410 565 interitum
418 527 598 565 conformaverunt.
616 525 751 564 Nihilominus
761 526 837 563 avitum

97 593 229 643 Assyriorum
248 594 309 631 robur
329 594 417 632 nondum
436 606 519 643 prorsus
540 601 636 632 cesserat:
661 592 765 632 Phraortis
786 592 837 631 enim

98 672 214 711 aggressum
227 673 267 698 nou
279 660 343 699 solum
354 661 498 711 propulsarunt
509 661 613 700 moenibus
625 674 694 699 verum
705 661 771 711 ipsum
789 672 838 709 quo—

98 728 165 777 quein
173 740 240 777 pugna
248 728 394 766 interfecerunt.
411 727 472 767 Cuius
481 740 549 765 necem
559 734 581 766 nt
590 728 726 775 ulcisceretur,
735 727 838 778 Gyaxares

98 795 150 834 iilius
162 808 180 834 a.
190 798 223 832 034
236 795 322 833 collectis
335 795 398 845 copiis
409 794 482 833 iterum
490 795 548 845 petiit
556 794 642 833 Ninum:
655 800 685 843 at,
699 795 744 833 dum
756 795 838 833 cinctam

99 863 241 912 obsessamque
253 868 338 910 teneret,
356 861 476 913 Scytharum
491 862 605 900 incursione
621 867 701 901 coactus
714 868 753 909 est,
769 868 791 900 ut
803 875 839 912 pa-

98 929 157 967 triam
169 930 236 979 potius
249 943 261 967 a
273 930 331 968 novis
342 930 434 969 hostibus
445 930 485 969 illis
498 930 622 977 defeuderet;
638 929 663 968 iis
680 935 746 967 autem
762 930 839 979 paulla-

100 997 134 1034 tim
147 997 240 1045 devictis,
253 1010 270 1034 a.
280 1010 296 1035 c.
306 1000 351 1045 009,
363 997 431 1035 iuncta
443 1010 487 1035 cum
495 996 670 1047 Nabopolassare,
682 997 839 1047 Babyloniorum
888 1030 891 1040 ,

99 1064 167 1114 regulo
180 1064 205 1101 ab
218 1064 309 1114 Assyriis
322 1064 439 1112 constituto,
453 1064 547 1103 societate
559 1070 579 1102 et
590 1064 737 1111 familiaritate,
750 1064 839 1102 exauctis

99 1143 220 1181 magnopere
231 1132 311 1169 uiribus
326 1132 461 1170 intermissum
477 1136 536 1169 autea
552 1143 602 1181 opus
619 1143 688 1170 rursus
705 1131 803 1181 suscepit3
820 1136 841 1169 at

99 1204 139 1236 tros
151 1212 187 1248 per
199 1211 262 1237 annos
273 1199 425 1238 munitissimam
437 1199 505 1236 urbem
517 1211 612 1249 superare
623 1211 663 1236 non
675 1198 791 1245 valueruut3
806 1198 840 1236 do-

100 1278 136 1303 nec
147 1265 167 1303 vi
180 1271 200 1303 et
214 1266 292 1305 insidiis
308 1266 525 1317 magnificentissimum
539 1266 673 1315 potentissimi
688 1266 766 1316 imperii
782 1273 842 1315 caput

100 1338 239 1391 expugnarent
250 1339 311 1384 atque
320 1334 419 1371 horrendo
431 1333 521 1372 incendio
534 1338 650 1371 cremarent.

134 1400 194 1449 Quod
212 1413 251 1450 quo
267 1392 320 1439 anno
336 1401 411 1438 iactum
427 1401 462 1448 sit,
478 1401 532 1439 haud
547 1400 598 1437 iuter
614 1414 646 1438 vv.
663 1400 696 1438 dd.
715 1401 841 1450 exploratum

100 1480 144 1506 esse
156 1473 244 1514 coustat;
257 1469 282 1506 ab
295 1468 339 1506 aliis
352 1468 403 1505 enim
416 1481 467 1506 anno
480 1470 513 1505 627
522 1467 625 1515 tribuitur,
639 1480 669 1505 ex.
679 1480 708 1518 gr.
721 1481 734 1505 a
742 1468 840 1514 losanae,

100 1536 125 1573 ab
139 1535 183 1573 aliis
196 1548 213 1572 a.
226 1537 269 1583 005,
281 1536 333 1573 inter
345 1547 395 1585 quos
407 1535 532 1573 nominamus
544 1534 649 1581 Ku1n1uu13
665 1540 735 1573 nostra
746 1534 842 1572 memoria

99 1602 190 1652 plurimis
202 1602 267 1652 placet
278 1617 296 1640 a.
309 1605 342 1640 00ss
354 1615 382 1649 s.;
400 1615 437 1640 nec
456 1603 537 1649 desunt,
559 1601 593 1652 qui
615 1602 674 1641 altius
692 1603 750 1640 etiam
762 1603 842 1640 descen-

101 1669 186 1707 dendum
198 1670 237 1706 rati
251 1670 284 1707 vel
299 1670 352 1707 iutra
364 1682 381 1707 a.
394 1672 427 1706 005
439 1675 458 1707 et
470 1672 503 1707 aa?
515 1670 608 1706 fluctuent
626 1670 687 1707 veluti
700 1668 806 1708 (insumus
823 1675 843 1707 et

100 1736 222 1783 Hrrzrcrus,
234 1737 266 1774 uel
273 1736 387 1776 Vonuarum
399 1736 460 1774 secuti
471 1737 492 1773 in
501 1736 539 1773 hoc
548 1736 631 1774 termino
642 1737 843 1789 consistendurnesse

102 1804 222 1842 existiment.
245 1803 288 1841 lain
308 1803 431 1850 vermicu
452 1803 501 1842 satis
522 1803 617 1852 impedita
633 1809 693 1853 atque
708 1804 801 1842 intricata
817 1804 844 1842 sit

102 1871 205 1921 quaestio,
218 1877 285 1910 tamen
296 1872 373 1909 idoneis
386 1871 507 1920 argumentis
518 1870 597 1908 videtur
607 1871 690 1921 probari
702 1884 771 1921 posse,
790 1871 844 1921 quod

137 1991 153 2032 1)
165 1991 200 2024 Gir.
213 1991 286 2023 Cursum
298 1990 398 2022 memoriam
411 1989 456 2032 apud
467 1987 576 2028 Dronoass,
588 1989 615 2021 ¹23.
628 1989 658 2021 cfr.
671 1989 755 2021 Huruutu.
768 1991 844 2021 exercitt.

102 2048 167 2079 Herod.
180 2047 271 2087 11‚p.4a
294 2045 374 2078 Butram,
386 2047 398 2078 1.
407 2047 418 2078 l.
430 2058 447 2089 p.
456 2046 483 2078 33.
508 2044 552 2077 Sunt
564 2047 592 2084 qui
608 2046 665 2087 plures
679 2057 713 2078 uuo
726 2045 844 2088 Sardanapalo

102 2106 148 2136 iuter
158 2113 217 2145 regum
223 2104 336 2143 Assyriorum
351 2112 440 2134 numerum
456 2102 530 2134 inveniri
546 2102 653 2143 existimant,
670 2103 761 2135 flaturum
776 2102 813 2134 fere
829 2106 846 2134 et

102 2161 184 2192 Husrcuu
195 2165 211 2191 et
223 2159 339 2192 Csumsrrmms
351 2159 453 2191 testimoniis
466 2159 558 2199 sublevati,
571 2167 642 2198 quorum
654 2164 750 2201 postremus
763 2169 795 2192 ενα
804 2159 845 2190 dicit

103 2213 214 2259 dpuorpprou
227 2217 257 2247 καὶ
270 2218 364 2257 γενναῖον,
378 2209 435 2247 iillov
446 2212 466 2247 δὲ
478 2210 570 2258 μαλακόν,
594 2214 643 2254 Quae
659 2218 744 2248 sententia
759 2216 845 2247 historicis

103 2274 172 2315 quidem
183 2275 288 2316 argumentis
299 2273 346 2305 haud
358 2273 400 2304 satis
411 2271 478 2304 idoneis
490 2272 559 2311 nititur,
571 2271 601 2303 cir.
614 2272 700 2304 Humum.
713 2272 791 2304 exercitt.
803 2272 845 2303 Her.

103 2331 121 2370 I,
134 2343 151 2373 p.
161 2332 189 2363 38.
202 2330 283 2362 Buauurs.
295 2331 306 2361 l.
315 2330 326 2361 1.
339 2341 355 2372 p.
364 2330 385 2362 35
397 2334 442 2369 nota
457 2328 545 2361 Rnunms.
558 2332 615 2360 autem
632 2339 667 2361 nou
679 2330 734 2361 solum
746 2328 846 2360 Diuanuba-

103 2397 133 2420 rae
144 2392 211 2430 patrem
223 2387 371 2418 bellicosissimum
383 2395 441 2427 regem
457 2391 473 2417 et
486 2385 609 2426 fortissimum,
625 2394 646 2416 eo
661 2385 731 2417 nomine
746 2385 846 2427 insignitum

104 2454 141 2476 esse
154 2444 243 2486 opinatur,
259 2442 419 2485 Assar-adan-pal
431 2442 467 2482 (cfr.
480 2441 575 2474 Comment.
588 2441 847 2483 p.†21)velAss1u-akh-bal

103 2501 140 2539 [ofin
152 2500 217 2533 Athen.
229 2498 285 2531 Lond.
298 2499 352 2538 1852,
364 2500 385 2530 27
398 2498 467 2538 Mara),
479 2508 539 2530 verum
554 2497 600 2530 idem
616 2508 679 2530 nomen
691 2497 747 2531 Phnlo
763 2500 815 2531 etiam
830 2504 847 2531 et

105 2558 201 2599 Sammugi,
216 2556 245 2598 qui
261 2554 416 2588 Assarhaddonem
432 2555 506 2597 excepit,
527 2554 636 2587 tribuendum
654 2564 691 2586 esse
706 2556 794 2588 existimat
810 2556 847 2596 (cfr.

104 2614 184 2646 Outliues
196 2625 211 2655 p.
220 2612 290 2645 XXIII.
303 2611 371 2643 XXVI.
383 2611 446 2652 XLII).
463 2610 511 2650 Quae
523 2621 616 2644 cuneorum
628 2612 747 2654 interpretatio
760 2613 846 2655 quomodo

99 2672 222 2710 confirmetur,
234 2669 327 2701 ridendum
340 2673 370 2700 ost.

139 2726 156 2766 2)
169 2727 205 2759 Cir.
217 2726 270 2758 Heri.
282 2725 304 2757 do
316 2725 363 2757 rebb.
375 2725 416 2757 Ass.
428 2737 445 2768 p.
454 2726 481 2759 53.
493 2725 575 2758 Batauis.
588 2727 598 2757 l.
609 2726 621 2759 Ι.
633 2737 649 2769 p.
658 2727 680 2759 30
691 2736 713 2758 ss.

138 2783 372 2822 3)Cfr.Hau0n.11,150.
391 2783 466 2816 Dionos.
479 2783 506 2822 Π,
519 2783 547 2815 ¹23,
566 2783 655 2816 Doucuaar
668 2782 731 2817 Gesch.
747 2783 778 2814 des
790 2782 847 2814 Alter-

107 2842 162 2873 thums
174 2841 192 2881 I,
204 2852 220 2882 p.
230 2841 262 2873 30?
274 2850 295 2871 ss.
512 2843 513 2847 ’
