1889 3264
118 113 165 159 126
371 115 419 155 Cir.
428 116 470 165 ΠΙ,
486 130 504 156 v.
515 119 589 154 rr-ra

118 253 262 292 saepenumero
275 241 299 279 de
311 241 426 291 pastoribus
438 246 458 278 et
469 240 551 280 ducibus
563 240 637 280 dictum
650 254 689 280 una
701 254 745 280 cum
764 251 814 294 pam,
826 241 862 280 cfr.

117 310 152 349 Ps.
164 310 228 358 XXI,
240 313 258 347 4.
276 310 313 348 Ies.
326 309 352 358 V,
364 312 392 347 tl.
405 309 462 357 LVI,
476 312 497 347 10
502 323 507 356 5
524 315 595 348 notare
606 309 658 348 solet
668 309 806 349 lassitudinem
819 323 862 349 oum

119 390 191 417 somno
201 383 350 427 comparatam,
360 390 419 428 (pram
433 374 506 415 Graeci
514 377 565 415 bene
571 377 701 416 reddiderunt
708 390 727 416 v.
736 373 862 428 νυστάζεινς

119 460 181 497 quare
193 446 232 484 hoc
244 459 323 497 quoque
335 445 379 483 loco
392 458 466 483 meram
478 444 619 495 negligentiam
635 451 654 483 et
669 445 806 484 lassitudinem
821 447 863 497 ple-

118 514 177 566 rique
191 527 228 564 per
243 515 308 552 somni
325 513 473 552 similitudinem
489 513 620 564 significatam
636 523 764 564 acceperunt,
785 528 817 553 ex.
833 527 862 565 gr.

118 582 193 630 Mrem,
206 581 326 629 Ifflrrsur,
338 581 434 629 Kanna,
447 580 516 619 biron.
528 556 572 629 all.;
585 587 607 619 at
618 594 665 620 vero
678 595 722 620 cum
734 596 793 621 versu
804 596 863 633 prae-

118 651 201 689 cedente
213 651 272 688 duces
284 650 344 700 plane
354 650 463 687 habeamus
476 649 586 694 exstinctos
603 656 663 701 atque
678 650 767 689 funditus
780 652 862 700 deletos,

117 718 234 770 languidum
249 730 370 769 magnopere
386 723 448 766 esset,
462 717 479 756 si
495 730 560 757 merus
572 717 613 756 iam
634 730 714 757 somnus
731 724 750 758 et
764 719 862 759 lassitudo

120 788 231 826 adderetur.
248 786 296 824 Alia
313 792 344 825 est
358 791 434 835 autem,
455 799 518 837 eaque
529 786 588 837 longe
604 786 677 824 fortior
697 787 816 836 similitudo,
837 787 863 825 ad

120 869 180 906 (prium
192 855 312 894 transfertur
324 856 417 903 verbum,
430 854 500 893 mortis
513 854 568 904 dico,
581 855 610 892 uti
621 855 705 893 habetur
716 855 751 895 Ps.
764 856 829 905 XIII,
844 859 862 893 4.

119 923 220 971 LXXVI,
233 927 255 971 65
267 923 305 962 Ier.
317 922 356 972 LI,
368 925 397 961 39.
409 925 431 961 57
436 936 442 970 3
459 935 542 973 eamque
552 927 606 961 recte
617 928 729 962 statuerunt
740 925 862 972 Tuscana,

120 990 223 1030 Hnssnrn.
241 991 349 1030 Pastorum
361 996 427 1029 autem
438 990 544 1041 imaginem
555 1004 652 1042 persaepe
666 992 771 1030 transferri
788 993 813 1031 ad
829 1004 863 1030 eos

119 1055 208 1107 constat,
222 1072 306 1111 quorum
324 1072 383 1097 curae
397 1058 484 1109 populus
499 1059 630 1109 permittitur,
646 1059 681 1098 cfr.
693 1059 732 1098 Ies.
743 1060 818 1110 XLIV,
830 1062 863 1107 283

119 1128 188 1166 Micha
199 1128 225 1176 V,
237 1130 248 1166 4
260 1128 293 1165 all.
311 1127 417 1167 Masculini
434 1127 512 1177 generis
528 1128 612 1175 suffixa,
632 1127 728 1166 feminina
746 1130 787 1167 iam
810 1128 863 1168 exci-

119 1196 205 1246 pientia,
222 1196 340 1234 nominatim
355 1195 456 1247 appellato
468 1207 511 1244 rapa
523 1195 614 1246 Assyriae
629 1196 761 1245 explicantur.
783 1208 864 1248 apiaria,

119 1264 229 1315 magnifici,
247 1277 341 1314 proceres
353 1265 373 1302 cf
383 1293 387 1301 .
399 1264 431 1312 II,
443 1267 466 1312 7,
485 1270 531 1302 sunt
543 1264 631 1314 proximi
643 1277 655 1301 a
667 1276 724 1315 rege,
743 1265 778 1317 qui
793 1264 863 1315 populi

120 1332 236 1384 colligendi,
254 1332 375 1381 instruendi,
392 1332 474 1382 regendi
489 1345 557 1370 curam
574 1332 599 1369 ad
616 1343 650 1370 eos
663 1332 739 1371 detulit.
758 1332 802 1381 Quo
818 1332 863 1370 loco

120 1401 203 1449 collato,
220 1401 255 1439 vix
271 1413 315 1438 cum
327 1399 423 1448 Gaurro,
439 1400 519 1448 Iliun,
536 1400 596 1438 Hirr.
613 1413 695 1449 caprum
711 1401 777 1452 gregis
794 1401 864 1438 ducem

119 1469 264 1519 intelligemus,
284 1478 332 1518 p's‘st
348 1479 395 1507 aar&
414 1468 482 1506 Ierem.
499 1468 567 1516 XXV,
584 1470 613 1507 34,
640 1477 680 1518 Ῑῡω
699 1463 790 1508 tharan,
806 1481 863 1519 prae-

120 1537 214 1587 gnantius
226 1536 312 1574 reddidit
324 1535 479 1585 „sepehenturfl

155 1615 207 1648 amn)
222 1606 302 1654 disparsi
313 1610 367 1652 aurat,
380 1603 393 1640 f.
405 1603 439 1642 Ni.
452 1604 509 1642 unice
517 1603 607 1642 hocloco
617 1604 687 1653 obvia,
699 1604 773 1654 plurali
781 1616 863 1654 numero

120 1673 246 1711 coniunctum
258 1685 302 1710 cum
318 1672 369 1723 sing.
384 1683 439 1725 ann,
455 1673 509 1723 quod
525 1677 599 1711 temere
614 1672 706 1711 nonnulli
721 1673 747 1711 ad
765 1672 864 1711 exercitus

120 1742 222 1779 notionem
234 1741 367 1790 restringunt,
380 1746 402 1778 ut
414 1745 495 1778 notetur
507 1740 606 1790 populus,
622 1754 683 1779 unum
696 1753 719 1778 eo
733 1753 797 1791 usque
815 1753 865 1791 quo-

121 1810 228 1847 dammodo
241 1821 324 1859 corpus,
336 1808 377 1846 iam
389 1808 475 1847 disiectis
490 1809 585 1847 membris
599 1809 676 1848 fractus
691 1809 756 1847 iacere
772 1801 864 1860 (Hora).

120 1878 211 1916 Eandem
227 1878 278 1915 hanc
293 1877 359 1928 gregis
375 1877 477 1927 dispersae
491 1877 639 1916 similitudinem
654 1877 737 1928 legimus
753 1877 865 1915 inst'tutam

121 1945 182 1984 Num.
195 1945 287 1993 XXVII,
300 1948 320 1992 l,
339 1945 407 1995 lR-eg.
420 1945 495 1993 XXII,
509 1948 541 1993 ll3
559 1944 618 1984 Sach.
630 1944 694 1994 XIII,
706 1948 723 1983 l.
743 1946 818 1983 traaas
830 1957 865 1994 ap-

121 2014 232 2064 pellantur,
244 2013 265 2051 in
277 2013 349 2064 quibus
361 2013 455 2051 trucidati
466 2013 542 2063 passim
553 2013 642 2060 iaceant,
655 2013 702 2064 quia
714 2026 739 2051 ex
751 2012 834 2064 planitie
846 2018 866 2050 et

121 2081 259 2133 magnitudine
269 2082 368 2129 locorum,
381 2081 416 2119 ubi
427 2081 502 2119 nullum
511 2081 569 2119 datur
577 2081 686 2132 refugium,
698 2081 719 2120 in
726 2081 801 2120 inculta
809 2092 864 2118 mon-

123 2150 172 2188 tium
191 2156 211 2188 et
230 2149 349 2188 convallium
369 2150 494 2188 securitatem
514 2149 581 2188 miseri
595 2150 625 2187 illi
641 2150 780 2200 confugerant,
801 2155 822 2187 at
836 2148 865 2186 ibi

65 2261 67 2271 ξ
123 2220 183 2257 etiam
194 2217 356 2268 persequentium
370 2218 461 2256 manibus
473 2217 525 2256 caesi
538 2223 589 2256 sunt.
607 2217 735 2257 Consimilem
747 2216 865 2257 sententiam

67 2271 71 2278 ἴ
123 2287 233 2325 exhibitam
244 2285 329 2336 legimus
343 2286 364 2323 in
376 2285 479 2335 praeclaro
491 2286 602 2325 Ezechielis
614 2286 691 2324 cantico
705 2286 729 2324 de
740 2290 864 2337 praeteracto

122 2356 179 2405 regni
188 2354 293 2405 Assyriaci
305 2353 422 2404 splendore,
435 2366 452 2391 c.
464 2353 549 2402 XXXI3
563 2354 597 2392 ubi
605 2355 671 2393 Assur
683 2358 809 2404 comparatur
821 2366 866 2392 cum

123 2424 189 2471 cedro,
200 2428 219 2460 et
227 2423 351 2472 praestantia
360 2422 402 2461 eius
411 2428 430 2460 et
438 2422 586 2472 magnificentia
593 2422 673 2460 uberius
683 2422 781 2472 descripta
791 2435 809 2460 v.
815 2425 841 2459 1-
847 2424 864 2469 9,

124 2491 214 2542 sequitur
225 2491 302 2529 eversio
315 2495 334 2528 et
346 2490 452 2528 destructio
465 2492 562 2538 r.1t-17;
576 2503 615 2541 quo
627 2490 649 2527 in
660 2502 732 2541 genere
743 2489 797 2529 canit
808 2504 827 2528 v.
834 2492 864 2526 12:
922 2521 925 2526 ,

124 2560 159 2608 „in
171 2559 271 2598 montibus
287 2565 306 2597 et
321 2558 413 2597 omuibus
435 2558 558 2597 convallibus
575 2559 686 2596 ceciderunt
701 2559 752 2597 rami
771 2558 824 2607 eius,
846 2563 866 2595 et

124 2627 221 2665 confracti
244 2633 290 2665 sunt
313 2626 386 2665 surculi
406 2627 447 2665 eins
466 2626 487 2664 in
506 2627 597 2665 omnibus
617 2626 665 2665 rivis
682 2632 747 2665 terrae
771 2629 811 2665 ct.“
831 2625 865 2663 cfr.

124 2696 218 2743 XXXII,
228 2698 260 2733 92:
277 2695 320 2744 „ibi
331 2694 401 2746 (iacet)
413 2696 478 2733 Assur
490 2700 510 2732 et
522 2694 586 2734 onmis
600 2695 705 2733 multitudo
722 2695 774 2743 eius,
789 2694 811 2732 in
829 2694 866 2732 eir-

124 2765 178 2802 cuita
190 2764 231 2803 eius
244 2764 335 2813 sepulcra
348 2776 426 2811 eorum,
444 2775 512 2801 omnes
529 2764 629 2813 percussi,
646 2763 680 2814 qui
696 2764 808 2801 ceciderunt
823 2762 866 2812 gla-

124 2833 178 2870 dio.“
191 2856 213 2860 -
228 2841 284 2882 pipp
300 2842 350 2883 par,
368 2844 401 2870 ace
414 2838 442 2870 est
458 2834 492 2881 qai
508 2832 584 2882 colligat
599 2831 704 2879 disiectos,
720 2832 787 2871 ovium
802 2831 866 2870 instar

159 2981 170 2997 f
