1889 3264
355 179 403 218 Car.
414 179 445 227 H,
458 192 477 216 v.
487 181 504 216 7.
771 175 801 220 67

57 309 128 349 ruentis
144 313 222 358 posset,
243 313 285 345 scut
287 306 304 344 is
322 304 414 343 nimirum
431 303 540 342 maioribus
556 303 612 341 illis¹
630 303 673 341 solo
690 304 802 355 infigendis.

57 378 129 438 quibus
141 376 201 414 tela'
195 380 286 425 ingruent
286 374 307 411 ia
324 372 432 410 defendunt
447 370 499 420 saoit
492 371 556 418 ttarii3
573 377 594 409 at
606 371 672 410 abiis
684 385 725 410 non
736 378 803 411 tanto-

57 458 103 496 pere
115 444 224 482 timendum
236 448 279 479 erat
291 439 423 491 oppugnatis3
440 439 505 477 omnis
517 444 582 477 autem
595 440 736 478 sententiarum
753 443 803 479 ordo

57 518 117 563 :rique
132 522 250 562 progressus
266 508 378 547 machinam
393 507 480 556 aliquam
493 507 568 557 arguit,
586 519 637 556 quae
650 520 748 546 summum
763 509 803 548 illls

57 586 153 618 terrorem
169 578 267 623 iniiceret3
284 576 354 613 deinde
371 580 475 624 portarum
491 574 598 624 patefactio
615 575 719 613 confestim
735 576 804 614 addita

56 651 95 686 ui
107 646 225 685 testudinem
238 644 351 680 arietariam
363 643 443 692 exigere
454 642 538 680 videtur.
557 641 602 689 Quo
614 641 634 679 in
646 654 718 692 genere
730 656 755 681 ex
763 644 804 682 As-

58 714 158 764 syriorum
170 716 268 761 appara-tu
280 710 351 748 bellico
369 722 409 747 non
421 715 494 747 temere.
506 709 642 748 concludendo
654 709 730 761 aliquid
746 711 804 748 elicu-

57 782 98 820 isse
112 781 203 818 ridemur
218 778 242 815 de
257 777 321 815 Medis
337 783 357 815 et
370 777 500 827 Babyloniis3
517 777 683 814 considerandum
698 782 729 816 est
745 778 804 827 enim,

58 848 151 885 diuturno
167 844 246 895 imperii
261 845 340 884 vinculo
356 849 376 882 et
390 858 468 882 morum
484 844 622 882 commnnlone
638 857 671 883 eos
684 857 728 883 cum
739 846 805 897 Assy-

57 915 93 953 riis
104 914 167 953 fuisse
182 917 294 961 contentum
310 918 352 951 tum
367 925 417 951 nero
428 911 553 962 Babylonios
565 912 652 951 admotis
663 913 752 953 turribus
768 926 804 965 op-

59 983 107 1033 pida
119 994 246 1032 oppugnasse
258 981 330 1020 scimus
343 981 378 1019 cfr.
390 981 428 1020 Ios.
439 979 524 1029 XXIII,
537 982 564 1018 13.

92 1050 135 1087 lam
145 1063 192 1087 uero
205 1050 314 1089 cavendum
321 1049 408 1097 videtur,
421 1062 446 1086 ne
458 1048 556 1087 sententia
567 1053 637 1087 nostra
648 1049 738 1088 funditus
750 1063 805 1088 ever-

58 1122 118 1157 tatur.
142 1116 196 1155 Nam
209 1118 264 1168 quod
274 1117 409 1156 Kanrnsnnm
419 1116 533 1167 prohibuit,
546 1117 652 1167 quominus
664 1117 688 1155 de
700 1117 805 1157 testudini-

58 1187 96 1224 bus
109 1185 214 1235 cogitaret,
227 1184 322 1224 Drononr
335 1185 379 1223 dico
391 1186 453 1223 verba
463 1184 491 1232 II,
503 1187 532 1232 at,
545 1185 642 1222 eiusmodi
653 1185 755 1223 machinas
767 1186 805 1225 sub

59 1254 139 1291 Arbace
155 1253 244 1290 nondum
259 1253 322 1291 fuisse
339 1254 441 1300 inventas,
460 1252 513 1290 idem
530 1250 662 1299 Honrnno²,
683 1265 727 1290 oum
743 1253 806 1292 oculis

60 1320 101 1359 suis
117 1321 138 1357 in
150 1320 295 1371 antiquissimis
311 1320 371 1358 etiam
382 1320 514 1370 Assyriorum
529 1319 661 1358 monumentis
673 1320 740 1359 varias
753 1321 806 1360 eius-

59 1387 114 1425 modi
126 1387 201 1437 species
213 1388 346 1438 conspiceret,
365 1388 466 1438 egregium
478 1387 584 1436 singularis
597 1387 706 1426 sententiae
717 1401 765 1427 suae
776 1389 806 1427 vi-

60 1456 117 1492 detur
130 1456 278 1503 documentum,
295 1468 321 1493 en
333 1468 373 1506 qua
384 1460 512 1493 monumenta
523 1467 586 1504 nuper
597 1459 677 1504 reperta
688 1467 729 1493 non
741 1457 807 1507 Assy-

59 1522 134 1560 riorum
146 1522 181 1560 sed
192 1522 300 1561 Persarum
316 1536 359 1561 esse
372 1523 471 1572 opinatur.
490 1523 564 1560 Verum
576 1534 621 1559 cnm
632 1526 664 1559 tot
675 1522 719 1560 aliis
736 1536 763 1561 er.
774 1536 806 1561 re-

59 1590 96 1627 bus
108 1589 199 1639 Assyriis
211 1589 247 1627 illa
258 1589 390 1628 adscribenda
406 1603 449 1628 esse
461 1593 538 1627 constet
552 1594 571 1626 et
583 1594 662 1639 tempus
674 1602 742 1627 corum
756 1590 806 1629 satis

59 1656 151 1695 videatur
163 1661 261 1704 constare,
274 1657 391 1706 petitionem
399 1656 504 1706 principii,
518 1668 578 1707 quam
587 1656 649 1703 aiunt,
661 1669 703 1695 non
715 1658 806 1696 commit-

59 1728 134 1772 temus,
147 1724 164 1762 si
176 1736 244 1762 eorum
256 1725 374 1763 auctoritate
384 1723 479 1764 Drouonr
490 1723 497 1745 ³
508 1724 570 1763 verba
581 1723 664 1763 refutari
676 1731 696 1764 et
707 1725 807 1765 Homini

60 1791 119 1830 simul
131 1792 237 1832 arbitraria
249 1799 361 1832 commenta
372 1793 454 1844 explodi
466 1793 614 1831 contendamus.

95 1860 152 1909 Quae
163 1873 208 1898 cunr
222 1862 252 1899 ita
264 1862 314 1908 sint,
332 1874 412 1900 versum
423 1861 508 1909 huncce,
524 1873 630 1911 perperam
642 1866 706 1899 totum
721 1862 806 1900 relatum

61 1928 86 1965 ad
98 1928 195 1978 Assyrios
209 1929 234 1966 ab
250 1928 390 1976 Hrnnonruo,
405 1928 564 1976 Tnaononnro,
581 1927 684 1977 Gaurano,
700 1929 806 1978 blancum,

61 1995 136 2043 Tuan,
149 1996 201 2045 Ina,
213 1996 265 2044 Em,
277 1996 354 2045 Unnn,
365 1997 435 2045 Hira,
448 1997 477 2035 ita
489 1996 564 2047 optime
575 1996 714 2046 disponemus,
731 2002 754 2035 ut
766 2002 808 2036 tres

60 2063 138 2112 priores
149 2064 258 2113 particulas
271 2065 297 2102 ad
308 2065 354 2104 illos
367 2065 457 2115 quidem,
471 2070 563 2115 quartam
575 2068 641 2102 antem
653 2064 679 2102 ad
691 2065 808 2105 coniunctas

61 2131 164 2169 Medorum
177 2136 197 2169 et
208 2131 367 2182 Babyloniorum
379 2133 448 2183 copias
461 2133 549 2171 dicamus
561 2132 667 2183 pertinere.

415 2316 434 2341 v.
447 2305 463 2340 1,

96 2402 171 2439 Portae
179 2403 385 2452 1111111111111111111111111111
380 2415 403 2440 111
408 2403 520 2451 ,topanta
520 2402 597 2451 ancipit
597 2404 629 2439 1111.
654 2401 677 2439 In
688 2400 810 2439 enucleanda

63 2469 188 2507 ieratissimi
199 2468 257 2508 huius
270 2471 368 2509 enunciati
380 2470 479 2509 sententia
490 2415 603 2520 religiosius
616 2469 738 2519 sequendum
751 2468 809 2506 nobis

99 2662 115 2702 1)
128 2661 163 2694 Otr.
175 2662 251 2694 Lamnn.
263 2663 292 2705 fig.
301 2665 331 2705 583
343 2662 410 2696 Boram
422 2675 438 2706 p.
450 2664 584 2697 1111111310.
600 2664 631 2696 cfr.
644 2671 696 2705 supra
706 2672 723 2704 p.
730 2662 751 2695 oi
758 2665 794 2694 not.

98 2718 115 2759 2)
128 2719 200 2751 Horren
209 2718 300 2761 Phenizie,
312 2719 399 2762 Chaldee,
411 2723 484 2763 Assyrie
497 2726 513 2753 ct
529 2732 546 2763 p.
556 2720 596 2753 319.

101 2776 119 2816 3)
131 2776 153 2817 In
165 2777 249 2809 eiusmodi
260 2777 311 2809 rebus
324 2787 375 2819 quam
388 2783 437 2811 cante
451 2783 527 2811 veterum
540 2778 640 2820 scriptorum
651 2776 751 2809 testimonia
763 2773 811 2807 audi-

64 2832 110 2865 enda
122 2835 164 2875 sint,
176 2834 238 2867 docent
245 2835 335 2867 Hnnonou
348 2845 415 2868 errores
426 2836 448 2868 de
461 2840 497 2868 arte
509 2833 573 2877 crispos
586 2843 637 2876 cupro
649 2832 738 2873 variandi,
750 2831 772 2864 de
784 2841 812 2864 ca-

64 2892 134 2932 tapultis
146 2896 167 2924 ct.
180 2892 209 2924 cfr.
223 2890 280 2925 Gossn
293 2892 367 2936 Assyria
378 2903 394 2936 p.
403 2894 442 2927 295.
451 2894 490 2925 302.
499 2893 538 2925 303.
547 2892 586 2925 305.

650 2947 675 2980 δύ
