1889 3264
262 203 279 252 ξ.
292 205 307 240 9.
325 202 473 240 Ivraernnrnu
485 210 618 239 oonsrncrus.
741 210 812 237 muru

107 324 152 373 Quo
165 326 217 364 facto
230 338 273 364 cunr
285 326 444 377 potentissimum
457 324 586 375 Assyriorum
602 324 705 374 imperium
718 335 757 361 una
769 335 812 360 cnm

73 393 177 444 magnifica
189 395 237 432 urbe
253 394 342 433 funditus
355 405 445 431 eversum
461 397 523 439 esset,
541 392 656 429 vaticinium
673 391 760 429 Nabumi
772 403 812 428 non

73 460 182 499 confectum
195 462 275 500 omnino
288 468 348 511 atque
360 459 474 497 absolutum
486 464 525 506 θεῖς
538 472 561 496 ea
568 459 619 496 eninr
630 472 673 497 cum
682 458 812 508 plurimorum

73 528 97 566 V.
110 528 135 567 Ti
147 530 296 575 vaticiniorum,
309 533 351 564 tum
363 540 432 565 eorum
444 526 528 564 tenenda
539 527 590 564 ratio
603 532 643 574 est,
662 539 712 576 quae
724 526 749 563 de
760 539 812 564 sum-

73 595 110 634 mis
127 597 181 634 orbis
196 602 295 634 terrarum
311 595 377 644 regnis
393 595 446 632 edita
464 599 515 641 sunt,
529 594 583 645 quod
600 607 641 632 non
662 606 731 632 eversa
746 593 813 643 aliqua

73 668 139 712 gente,
156 676 224 702 verum
235 663 328 701 universa
340 662 418 700 demum
431 662 529 700 mundana
539 666 640 712 potestate
652 661 761 707 destructa,
778 661 813 698 hu-

73 731 137 769 manis
149 731 208 768 rebus
225 730 297 777 finitis,
310 730 336 767 ad
348 730 427 780 plenum
440 730 600 780 cumulatumque
611 730 744 779 perducuntur
756 741 814 766 even-

74 803 122 835 tum.
139 797 178 835 Est
189 797 240 835 eninr
253 799 321 835 eadem
333 810 411 847 semper
421 797 480 836 huius
492 798 560 835 mundi
571 802 672 847 potestas,
691 809 742 847 quae
754 795 813 833 modo

75 865 112 902 hac
124 865 183 902 modo
196 864 231 903 illa
243 872 310 916 gente,
323 865 424 915 variisque
437 865 528 915 deinceps
544 865 625 915 regibus
642 863 815 913 comprehenditur

75 939 135 981 atque
148 945 243 981 expressa
258 934 343 970 refertur
353 933 445 983 imagine.
463 932 518 982 Ergo
535 933 636 982 praedicta
652 931 694 969 eius
710 931 766 981 regni
782 931 815 967 de-

76 999 168 1047 structio,
181 1001 212 1038 cui
224 1000 323 1038 illoforte
334 1005 423 1049 ternpore
435 1012 512 1037 summa
524 999 548 1037 de
560 1000 608 1037 orbe
620 1004 716 1037 terrarum
726 998 816 1048 potentia

76 1067 196 1116 contigerat,
208 1068 278 1105 iterum
287 1067 399 1118 iterumque
411 1068 484 1115 evenit,
498 1067 560 1105 donec
566 1067 632 1105 bellua
638 1066 678 1105 ista
684 1066 696 1114 ¹,
709 1079 760 1116 quae
772 1065 815 1103 uni-

77 1147 153 1172 versam
166 1135 246 1172 omnino
262 1140 381 1185 potestatem
398 1129 477 1174 dlvinae
494 1134 569 1173 civitati
580 1134 679 1172 inimicam
692 1134 712 1170 in
729 1146 750 1171 se
765 1133 816 1183 gerit

76 1202 177 1240 collectam
190 1209 209 1240 et
221 1203 392 1252 comprehensam,
403 1202 425 1240 in
436 1203 514 1252 igneum
527 1202 635 1253 aliquando
648 1200 765 1239 coniiciatur
776 1207 816 1238 sta-

77 1281 148 1318 gnum,
166 1276 185 1307 et
196 1283 242 1307 vere
259 1270 292 1321 qui
305 1270 396 1307 dicuntur
406 1269 510 1308 Israelitae
521 1271 546 1308 ab
560 1270 601 1308 eius
614 1269 696 1307 arbitrio
715 1274 735 1305 et
749 1280 816 1318 perse-

77 1337 155 1374 cutione
166 1337 261 1375 vindicati
273 1338 312 1376 sint
323 1338 344 1374 in
357 1337 423 1376 secula
434 1336 551 1377 seculorvmr.

243 1456 260 1505 ᾗ.
273 1457 289 1491 9.
306 1464 479 1497 INTERPRETUM
491 1463 652 1498 CONSPuo'rus.

111 1539 193 1586 Restat,
205 1544 227 1576 ut
239 1551 307 1576 eorum
319 1540 400 1577 nomina
408 1540 513 1578 videantur
522 1540 654 1587 recensenda,
668 1552 752 1590 quorum
761 1540 818 1578 libris

77 1607 97 1643 in
110 1606 229 1655 explicando
242 1605 330 1644 Nabumi
342 1607 436 1645 vaticinio
449 1608 479 1645 usi
491 1620 568 1654 sumus;
586 1607 607 1644 id
619 1608 673 1656 quod
685 1608 713 1645 ita
726 1608 817 1646 absolve-

78 1686 133 1720 mus,
150 1679 172 1710 ut
184 1674 255 1721 exiis,
272 1674 306 1724 qui
318 1675 349 1711 vel
361 1675 474 1713 ruuversum
487 1675 511 1712 V.
524 1675 561 1723 tt,
579 1674 610 1712 vel
622 1674 664 1711 XII
675 1676 818 1724 prophetarum

78 1741 160 1787 librum,
177 1741 209 1778 vel
227 1741 291 1779 solum
302 1741 391 1779 Nabumi
403 1743 518 1780 vaticinium
529 1742 654 1780 versionibus
667 1747 686 1779 et
698 1748 819 1780 commenta-

78 1808 113 1846 riis
124 1808 284 1856 illustraverunt,
297 1809 436 1859 gravissimum
449 1822 547 1860 quemque
558 1815 578 1847 et
590 1821 640 1860 quos
650 1809 754 1847 evolvendi
765 1810 819 1847 facta

78 1876 136 1913 uobis
152 1880 242 1925 potestas
257 1876 327 1924 fuerit,
347 1877 469 1927 appellemus
475 1892 481 1924 ;
504 1877 538 1926 qui
555 1876 643 1926 amplum
659 1877 819 1927 cumulatumque

79 1943 191 1981 desiderant
203 1943 325 1993 catalogum,
343 1957 411 1981 eorum
422 1944 550 1994 praesertim,
566 1944 601 1994 qui
611 1942 705 1981 Nahumo
721 1944 819 1994 interpre-

78 2010 139 2048 tando
151 2010 270 2060 singularem
283 2024 363 2060 operam
376 2018 484 2059 navarent,
502 2011 526 2050 iis
539 2017 618 2061 praeter
630 2010 766 2049 Ganrzovruu
778 2012 820 2061 (In-

78 2078 130 2115 trod.
142 2077 159 2124 I,
172 2091 192 2127 p.
202 2080 248 2116 5ss.
260 2078 297 2125 III,
307 2082 366 2128 p.2ss‘d
375 2092 402 2118 ss.
414 2082 447 2117 296
458 2093 483 2118 ss.
496 2081 528 2117 395
539 2080 576 2130 ss.)
588 2078 673 2116 adeundi
683 2083 729 2116 sunt
738 2078 820 2117 Roseu-

78 2155 200 2182 uuamunos
212 2144 303 2193 (Scholia
314 2146 335 2183 in
347 2146 371 2184 V.
384 2147 408 2185 Τ.
421 2147 470 2194 VII,
483 2160 503 2197 p.
513 2148 546 2185 ate
558 2147 593 2197 ss)
606 2151 625 2184 et
635 2145 717 2184 lusurus
730 2138 820 2196 (Nahum

78 2224 117 2250 neu
128 2212 228 2250 dbersetzt
240 2212 278 2249 und
291 2212 372 2251 erlrltr'rt⁴
385 2227 406 2264 p.
417 2217 437 2252 ta
450 2216 494 2266 ss).

112 2280 143 2317 Ac
154 2279 239 2328 prunum
256 2280 334 2329 quidem
351 2285 372 2318 ut
388 2282 412 2319 de
426 2282 592 2320 versionibus
609 2280 709 2318 veteribus
725 2281 821 2327 dIcamus,

79 2349 232 2385 Annulunnm'n
243 2346 277 2396 (de
289 2359 329 2396 qua
340 2348 375 2386 cfr.
389 2362 440 2399 quae
455 2362 517 2399 nuper
528 2348 673 2386 Wrenmmos
691 2346 715 2384 de
725 2347 821 2385 Ieremiae
856 2334 858 2337 ¹

79 2415 170 2452 versione
182 2414 319 2452 Alexandrina
330 2427 350 2464 p.
358 2418 427 2464 4-35,
445 2421 464 2454 et
475 2416 571 2454 Tnaurus
584 2414 661 2453 Comm.
677 2415 727 2452 iiber
740 2415 771 2453 die
782 2415 820 2453 Bb.

80 2482 114 2519 der
125 2481 179 2519 Kdn.
192 2494 212 2531 p.
221 2481 274 2519 XIII
286 2494 312 2520 ss.
325 2482 485 2535 disputaverunt)
497 2485 547 2521 adeo
559 2482 656 2520 mendosa
668 2487 698 2519 est
713 2487 773 2532 atque
788 2496 821 2520 ne—

79 2549 176 2599 gligenter
187 2549 288 2597 instituta,
302 2550 337 2596 rix
349 2556 371 2588 ut
381 2552 480 2589 interdum
488 2549 672 2601 interpretationem
678 2549 746 2586 invare
754 2549 821 2587 ridea-

79 2622 120 2662 tur;
141 2614 265 2653 auctoritatis
279 2616 340 2666 igitur
357 2631 416 2668 quam
433 2619 536 2669 dignitatis
553 2629 624 2656 caussa
640 2616 720 2665 saepius
739 2616 822 2654 laudata

80 2689 116 2722 est,
134 2681 214 2731 Aliquis
230 2682 282 2720 forte
303 2684 401 2724 redundat
417 2699 464 2725 usus
481 2699 492 2723 e
508 2686 590 2736 reliquis
606 2682 731 2722 versionibus
750 2696 821 2734 graeco

80 2762 170 2789 sermone
186 2749 297 2799 expressis,
316 2764 326 2788 e
342 2753 414 2802 quibus
426 2754 586 2792 Turonortorus
602 2751 637 2789 illa
652 2749 713 2788 LXX
730 2751 823 2801 religiose

116 2901 132 2941 1)
143 2901 178 2935 Cir,
191 2903 245 2943 Apoc.
257 2900 309 2941 XIX,
318 2909 344 2939 20,
