1889 3264
287 672 422 719 CAPUT
441 673 649 720 stannum.

130 945 209 1012 Altera
221 971 309 1012 vaticinii
324 984 383 1023 pars,
400 984 441 1022 (pua
455 972 477 1011 in
492 971 578 1011 mediam
589 971 639 1011 Nini
652 972 743 1023 rapimur
758 973 845 1012 eversio-

96 1055 152 1089 nem,
165 1042 229 1079 tribus
241 1045 261 1078 et
272 1040 317 1090 ipsa
329 1040 440 1079 absolvitur
451 1040 545 1079 numeris.
562 1040 625 1092 1)Αὰ
637 1041 753 1092 dignitatem
762 1041 844 1080 Israelis

95 1109 238 1148 vindicandam
247 1113 307 1159 atque
314 1108 455 1146 restituendam
465 1108 563 1147 exercitus
572 1109 651 1159 egregie
659 1110 768 1148 instructus
774 1115 845 1147 contra

71 1208 84 1232 ⁸,
96 1176 174 1216 Ninum
185 1190 198 1215 a
208 1176 296 1215 Domino
314 1175 412 1213 excitatur
424 1189 442 1214 v.
455 1180 513 1223 1—53
529 1176 562 1231 ΙΠ)
574 1182 701 1227 expugnatur
715 1177 764 1216 urbs
779 1176 843 1214 muni-

96 1245 185 1292 tissima,
198 1244 317 1294 diripiuntur
328 1243 418 1293 ingentes
431 1243 513 1282 divitiae
525 1243 577 1292 eius,
590 1243 668 1282 incolae
679 1243 756 1294 pallido
769 1256 844 1294 angore

97 1312 179 1351 cruciati
194 1312 215 1350 in
226 1313 296 1362 fugam
307 1316 411 1349 vertuntur
422 1311 455 1350 vel
470 1311 595 1349 abducuntur
606 1312 627 1349 in
640 1311 734 1350 exsilium
745 1325 764 1349 v.
775 1314 805 1349 6—
812 1314 844 1358 11;

97 1380 137 1431 Ill)
149 1385 209 1431 atque
221 1379 272 1417 adeo
284 1379 406 1429 praedonum
419 1379 514 1429 spelunca
527 1379 563 1417 illa
580 1379 646 1418 diruta
663 1393 675 1418 a
686 1378 775 1417 Domino
788 1392 845 1417 exer—

98 1447 182 1496 cituum,
194 1446 299 1485 trucidatis
310 1445 435 1495 latronibus,
452 1447 527 1497 praeda
540 1447 641 1495 exseissa,
659 1447 740 1486 deserta
750 1447 803 1485 iacet
815 1452 845 1485 at-

51 1558 56 1569 ,
98 1528 137 1567 que
148 1514 250 1563 desolata,
263 1527 281 1553 v.
292 1515 368 1553 12-14.

389 1688 418 1736 A.
446 1691 550 1737 v.l-b.

133 1786 165 1823 Ac
180 1784 246 1835 prima
263 1783 343 1835 quidem
360 1784 431 1835 eapitis
447 1785 545 1834 particula
562 1796 660 1823 summum
675 1784 762 1835 primum
778 1784 847 1823 iudicii

99 1851 204 1892 exercendi
215 1852 274 1890 finem
285 1852 392 1902 proponit,
407 1852 489 1891 Israelis
500 1852 637 1890 liberationem
650 1866 669 1891 v.
680 1856 700 1900 13
717 1853 799 1903 Assyrii
812 1866 847 1891 au-

99 1927 139 1959 tem
159 1919 252 1958 humanis
268 1919 345 1958 viribus
364 1920 439 1959 frustra
458 1920 577 1971 propulsare
597 1920 680 1958 exitium
699 1921 779 1959 student
795 1934 814 1959 r.
827 1924 845 1969 2,

100 2001 144 2027 cum
156 1989 199 2038 ipse
211 1987 311 2026 Dominus
322 1987 398 2027 scelera
410 1988 505 2027 adirersus
517 2000 595 2027 sacrum
606 1987 693 2026 foederis
705 1988 736 2027 sni
748 1988 845 2039 populum

100 2055 207 2095 commissa
218 2056 296 2094 ulturus
312 2056 338 2094 sit
353 2069 372 2094 v.
381 2058 398 2094 3.
427 2055 506 2094 Deinde
522 2056 638 2107 magnificus
655 2056 787 2104 exercituum,
803 2057 846 2094 irae

100 2124 162 2162 divini
174 2123 321 2171 ministrorum,
334 2124 414 2162 habitus
426 2137 446 2162 v.
456 2127 477 2172 4,
491 2129 510 2162 et
522 2124 605 2162 mirifica
616 2124 735 2163 describitur
747 2124 846 2172 celeritas,

100 2205 141 2243 (pua
152 2190 243 2230 curribus
255 2190 351 2229 advolant
362 2192 388 2230 ad
400 2192 468 2230 urbem
481 2192 608 2243 capiendam,
620 2205 640 2230 r.
649 2194 667 2230 5.

406 2356 423 2381 a,
453 2358 472 2383 v.
485 2347 538 2383 1-3α

448 2459 467 2484 v.
481 2449 497 2484 1.

135 2528 184 2567 Ecce
195 2529 216 2567 ia
227 2529 319 2568 montibus
326 2520 386 2579 pedes
397 2533 460 2568 intorti
471 2532 521 2578 laert,
531 2530 662 2580 praedicabas
670 2533 750 2581 pacem!
765 2530 848 2577 Calabra,

101 2596 163 2642 Izala,
176 2597 230 2645 festo
242 2603 285 2642 trec,
303 2598 374 2636 amobe
385 2604 431 2636 coto
443 2601 489 2637 tao!
516 2599 561 2637 Noa
573 2602 622 2637 cndu
632 2600 751 2649 proscribitur
767 2601 848 2650 (arreptius

101 2675 158 2714 super
170 2670 187 2702 te
202 2676 291 2714 aequora,
310 2671 359 2703 totns
372 2669 472 2706 arctaretur
488 2667 534 2705 ect¹⁸
564 2667 632 2706 Verbo
651 2678 691 2706 sim
707 2667 813 2716 „deiectos
829 2674 848 2706 ot

138 2826 154 2867 1)
166 2826 241 2859 Uberius
252 2826 298 2859 hunc
309 2837 377 2861 versam
389 2830 481 2872 explicavit
488 2830 532 2863 Dari.
541 2830 628 2872 Harma,
640 2830 773 2871 dissertatione,
784 2831 812 2863 cui
823 2831 849 2863 in-

103 2884 184 2927 scriptum
196 2888 230 2917 est:
245 2883 345 2926 ,Nahumus
354 2887 443 2929 pacificus,
455 2888 488 2920 hoe
499 2891 525 2920 est
537 2886 559 2920 de
567 2888 628 2930 paee,“
642 2888 688 2931 Lips.
697 2888 773 2929 MDOL,
785 2889 804 2921 in
816 2898 850 2931 qua
