1889 3264
385 179 435 218 Onr.
444 179 474 227 ll,
487 190 507 219 v.
516 182 534 218 8.

95 308 150 349 salus
165 307 220 346 nulla
236 305 336 357 speranda
352 308 382 343 est
397 303 439 354 regi
455 307 475 341 et
491 303 594 351 omnibus,
610 303 645 355 qui
661 303 682 341 in
698 301 776 354 palatio
789 308 840 341 sunt.

95 377 118 414 in
135 376 187 414 hunc
202 375 244 413 fere
259 374 339 414 modum
355 371 446 422 plerique
462 383 494 409 vv.
507 371 539 409 dd.
555 371 680 421 interpretati
696 376 752 418 sunt3
774 371 841 410 minus

95 450 142 494 apte
152 442 250 482 aturrus
260 441 336 491 regiam
347 439 440 477 hostibus
453 438 600 488 quodammodo
608 439 701 477 inundari
710 438 840 487 existimarit,

95 512 151 550 verbi
162 510 243 548 notione
253 507 313 546 nimis
326 507 409 556 insuper
420 505 519 557 neglecta3
536 505 665 545 retrusurus
683 506 796 544 incendium
810 507 841 544 in-

96 579 160 626 duxit,
174 590 218 615 cum
230 576 338 615 secuudum
351 573 431 613 Otesiae
446 574 582 612 narrationem
598 587 610 612 a
626 573 718 612 Diodoro
739 573 841 622 traditam,

96 644 230 695 Sardanapali
241 643 298 694 regia
309 656 345 693 per
357 641 470 694 quindecim
481 642 524 681 (lies
535 642 650 693 flagrasset,
667 641 753 692 simplex
771 642 842 681 deinde

97 712 204 753 destructio
216 711 293 762 placuit
303 710 443 757 Hmnonmro3
455 710 582 760 singulariter
598 709 684 762 denique
695 709 841 758 Knunuumrm,

96 781 179 832 propria
191 784 212 818 et
220 778 319 818 translata
326 778 491 829 interpretatione
499 779 617 836 commixta:
628 791 679 827 „rex
687 778 780 826 fluctuat,
793 791 842 817 mox

97 848 188 896 vacillat,
202 847 272 885 deinde
284 847 368 895 corruit,
381 852 401 885 et
412 847 485 884 rudera
496 847 538 885 eius
552 847 645 885 fluctibus
657 845 795 885 auferuntur.“

132 906 243 965 Quae'cum
255 915 284 954 ita
295 915 345 962 sint,
360 915 424 965 probe
439 913 565 953 vexatissimi
584 927 653 953 versus
673 920 765 953 constare
780 915 843 953 ratio-

97 997 143 1022 nem
157 982 297 1033 intelligimus,
313 982 348 1020 ubi
366 982 452 1032 primum
469 982 578 1020 membrum
593 982 676 1032 proprio
692 994 752 1021 sensu
769 982 844 1021 dictum

97 1051 206 1101 accipimus
224 1051 249 1088 de
263 1050 328 1101 portis
340 1050 478 1089 munitissimis
494 1050 605 1101 capiendis,
621 1049 706 1088 alterum
721 1063 758 1100 per
773 1049 844 1102 imagi-

98 1132 143 1157 nem
155 1119 204 1158 satis
216 1118 311 1158 usitatam
323 1131 407 1169 eamque
418 1130 462 1156 cum
474 1118 533 1169 aquis
544 1123 604 1157 antea
615 1117 775 1157 commemoratis
784 1132 843 1168 prae-

98 1188 151 1226 clare
167 1187 303 1226 concinentem
319 1185 343 1225 de
358 1186 429 1225 animis
446 1199 524 1235 eorum,
543 1186 615 1238 quibus
631 1192 691 1236 caput
705 1186 763 1237 regni
780 1187 844 1225 conti-

98 1260 169 1293 neatur
180 1255 241 1305 („das
253 1254 369 1305 gebietende
377 1253 465 1292 Ninivc“
474 1254 546 1305 Hrrz.)
555 1254 658 1308 anxietate
670 1260 689 1292 et
698 1266 773 1304 pavore
786 1254 845 1305 quasi

98 1323 212 1375 liquefactis
227 1327 288 1373 atque
305 1321 414 1361 dissolutis.
432 1323 500 1372 Atque
515 1322 567 1360 hanc
583 1321 768 1371 interpretationem
784 1322 844 1360 etiam

100 1390 224 1441 sequentium
237 1389 379 1428 sententiarum
388 1389 461 1428 rationi
470 1390 520 1428 bene
526 1389 676 1429 accomodatam
683 1402 726 1429 csse
731 1390 845 1440 apparebit.

448 1574 466 1600 v.
479 1564 496 1600 8.

134 1662 163 1701 Et
173 1665 292 1701 coustitutum
304 1669 342 1700 eut:
357 1663 446 1709 audetur,
462 1664 562 1712 ecfertum
580 1669 598 1701 ct
612 1664 693 1702 ancillae
710 1664 748 1700 eius
766 1664 846 1711 inperat-

100 1733 239 1768 recurrantur
248 1733 298 1769 uocis
310 1730 445 1777 cotteanum,
454 1731 565 1780 picaenus
576 1744 634 1782 θηρᾶν
642 1738 722 1781 pectora
733 1742 773 1768 sua.
785 1730 847 1769 Haud

101 1798 174 1836 minori
191 1798 322 1849 interpretum
339 1798 474 1849 discrepantia
489 1799 597 1849 explicatio
614 1812 684 1838 versus
695 1798 793 1848 impedita
805 1805 847 1846 est,

101 1866 166 1916 primo
178 1866 295 1916 praesertim
308 1866 369 1904 verbo
381 1866 426 1916 plus
438 1866 510 1917 viginti
522 1866 612 1906 diversas
624 1867 733 1905 intulerunt
749 1867 848 1917 significa-

102 1933 178 1982 tiones,
195 1947 278 1985 quernm
293 1934 400 1986 pleraeque
415 1935 451 1974 sub
464 1934 607 1973 divinationem
619 1936 704 1982 eadunt,
723 1939 784 1985 atque
795 1935 847 1973 adeo

102 2002 166 2052 probe
186 2009 272 2052 possunt
293 2002 363 2040 omitti.
387 2010 431 2057 ³⁴31!
456 2002 471 2040 f.
488 2001 570 2053 Hophal
586 2008 617 2042 est
633 2016 682 2041 ar.
703 2012 755 2053 332,
773 2003 847 2041 consti-

102 2075 169 2118 tuere,
186 2070 240 2120 quon
251 2070 324 2121 rugitu
336 2068 386 2108 een.
395 2058 499 2118 uritur,
513 2074 544 2118 u,
561 2070 596 2109 inf.
609 2070 643 2109 ru.
659 2071 694 2110 rs.
707 2070 815 2118 rrum,
829 2075 846 2119 c,

103 2146 148 2174 aar*
157 2137 210 2175 Dan.
222 2137 253 2186 H,
266 2140 294 2176 45.
307 2137 337 2177 Vr
342 2141 374 2185 ,12
379 2152 385 2185 3
397 2138 446 2176 haec
457 2138 518 2188 igitur
530 2138 648 2189 significatio
660 2151 701 2176 non
714 2144 767 2177 caret
780 2151 847 2176 exem-

103 2204 153 2254 plis,
165 2204 195 2243 uti
206 2210 308 2244 asseverat
320 2204 437 2244 Hrrzrurus
454 2206 577 2244 Vertendum
589 2212 619 2245 est
631 2218 688 2256 ergo:
701 2213 719 2244 et
727 2209 847 2244 corrrtitutuut

104 2278 131 2310 est
142 2272 242 2322 (utinen,
254 2272 333 2321 Unum,
346 2273 428 2321 lirun,
441 2272 560 2325 Horren.);
575 2287 612 2312 nec
627 2286 707 2313 necesse
723 2280 753 2312 est
765 2273 848 2325 aliquod

104 2341 197 2392 supplere
212 2342 333 2390 subiectum,
351 2341 409 2380 sicuti
422 2340 536 2391 Coccnrus,
552 2342 626 2390 Mrem,
646 2341 734 2382 Seritur).
753 2342 848 2393 impedite

104 2422 121 2447 e.
134 2423 152 2448 v.
166 2413 182 2449 t.
195 2409 340 2449 arcessirerunt
355 2419 422 2458 quom
434 2409 485 2458 imo,
498 2410 624 2462 simpliciter:
638 2411 767 2449 constitutum
779 2416 819 2460 est,
836 2424 848 2450 a

103 2476 149 2515 Deo
161 2478 265 2526 nimirum,
279 2485 300 2517 ut
312 2479 397 2516 nudetur
408 2483 444 2516 etc.
456 2478 655 2518 ltlmunnnonrrrus:
668 2479 742 2527 „Denn
754 2491 777 2517 so
789 2478 848 2517 war‘s

104 2546 242 2585 beschlosseni
250 2547 304 2585 heim
312 2533 364 2585 wird
372 2547 401 2584 sic
410 2545 490 2597 geitihrt
497 2547 527 2585 als
538 2545 654 2597 Gelangeue
663 2552 699 2585 etc.
705 2561 710 2594 ς
716 2549 729 2568 “
739 2546 774 2585 cfr.
784 2547 805 2595 I,
815 2549 847 2585 14:

105 2619 139 2661 „et
151 2613 175 2652 de
187 2619 206 2652 te
217 2614 382 2653 iussitDominus
394 2617 445 2652 eto.“
458 2613 569 2654 Hrrzrurus
580 2616 626 2653 huic
637 2614 714 2653 notioni
725 2615 848 2665 improbrat:

105 2681 181 2730 „Diese
193 2682 312 2733 Bedeutuug
327 2683 379 2721 wird
395 2696 432 2720 nur
446 2683 467 2719 in
484 2683 526 2720 dem
539 2683 596 2722 Falle
611 2683 700 2732 zuliissig
715 2683 768 2731 sein,
790 2696 849 2722 wenn

105 2750 170 2789 sofort
185 2750 221 2789 das
237 2751 337 2789 decretum
353 2751 441 2789 divinum
457 2750 477 2788 iu
495 2751 568 2790 seincm
585 2751 657 2790 vollem
669 2750 779 2803 Umfnnge,
800 2756 850 2790 stati

105 2832 142 2857 nur
152 2819 216 2857 einem
228 2819 299 2858 Theile
316 2818 367 2857 uach
383 2819 496 2870 angegebcn
513 2821 610 2867 wiir·de;“
627 2833 696 2858 verum
712 2820 812 2858 enimvero
828 2819 849 2857 in

106 2893 162 2936 parte
178 2888 215 2926 hnc
230 2888 309 2939 potiore
323 2887 374 2927 inest
390 2892 465 2934 totum3
481 2901 527 2928 nam
545 2888 579 2928 ubi
595 2888 672 2927 incolae
687 2887 812 2927 abducuntur
828 2888 849 2925 iu
