1889 3264
369 157 417 197 Cur.
427 158 468 206 Ili,
482 172 499 197 v.
510 162 526 196 S.
785 154 814 200 99

74 284 187 323 Thebarum
204 287 269 320 autem
285 282 310 319 ab
328 282 378 330 ipsis
394 281 435 320 illis
453 282 506 320 iacta
522 282 644 332 expugnatio
661 286 681 319 et
693 282 734 320 eius
746 281 817 332 populi

74 351 181 390 destructio
194 356 253 401 atque
266 349 378 399 deportatio
390 349 435 399 (cfr.
448 363 461 387 v
474 351 522 401 .10),
544 362 629 400 quocum
640 362 677 399 per
687 349 766 400 integra
777 349 819 388 fere

74 419 141 458 secula
153 419 176 456 de
187 417 271 467 imperio
285 417 339 455 orbis
352 422 449 455 terrarum
461 417 614 464 dimicaverant,
628 430 679 468 quae
688 417 774 467 primum
787 424 817 456 at-

36 476 38 478 ·
75 500 112 538 que
125 499 222 525 summum
234 485 299 522 lecum
316 484 368 522 inter
384 485 451 522 onmia
465 484 630 524 bellicosissimae
645 485 710 534 gentis
727 485 818 524 facinora

74 562 141 593 tenere
159 553 254 599 debebat,
275 565 299 590 ea
317 552 394 590 ratione
415 542 565 591 corrrnremorar·i
580 552 635 590 nullo
653 552 713 591 modo
731 558 816 602 poterat.

74 621 210 660 Nihilominus
222 619 311 657 maxima
322 620 452 669 interpretum
468 633 516 671 pars
534 621 559 659 ab
574 619 625 670 ipsis
636 619 728 670 Assyriis
743 620 818 659 iactam

74 691 129 728 illam
146 689 260 727 Thebarum
276 687 399 726 eversionem
414 688 558 738 opinabantur,
580 694 641 738 atque
660 687 681 725 in
697 688 817 726 inveniendo

75 757 143 807 aliquo
152 768 199 806 rege
211 761 230 793 et
242 760 359 805 tempestate
370 755 449 805 aliqua,
468 756 499 793 eui
515 756 601 794 adscribi
613 755 648 794 illa
663 760 743 806 posset,
760 756 818 806 gravi

76 838 119 864 sese
131 824 251 862 exercebant
261 823 341 870 labore;
357 823 429 875 quibus
445 824 532 861 maxime
546 824 628 873 insuper
644 823 765 861 contrarium
781 829 817 872 est,

76 892 130 943 quod
141 903 240 942 nusquam
249 890 322 928 idonea
332 903 444 941 quaequam
453 892 495 929 eius
505 891 667 929 commemoratio
676 904 713 929 nec
723 891 743 929 in
754 891 775 930 ll.
783 904 817 939 ss,

75 972 112 998 neo
131 959 152 997 in
172 964 261 997 veterum
279 958 378 1008 scriptis¹,
400 972 436 997 nec
456 959 477 996 in
492 958 624 997 monumentis
639 958 772 1009 Assyriorum
785 959 819 997 vel

75 1027 222 1077 Aegyptiorum
237 1026 320 1076 reperiri
334 1031 412 1076 potest;
428 1039 469 1064 non
485 1026 537 1064 euim
553 1027 578 1065 de
592 1026 678 1065 victoria
698 1026 767 1078 aliqua
786 1026 819 1065 vel

76 1095 132 1133 clade
142 1094 250 1145 Aegyptiis
261 1094 337 1132 inflicta
349 1094 424 1145 agitur,
441 1094 476 1133 sed
490 1095 515 1132 de
527 1094 674 1145 expugnatione
685 1094 757 1144 capitis
769 1094 818 1132 cele-

75 1162 156 1200 berrimi
168 1167 187 1200 et
197 1161 308 1200 incolarum
326 1162 403 1200 exsilic.
425 1160 479 1200 Nam
495 1162 514 1213 1)
527 1162 562 1212 qui
578 1162 602 1199 de
620 1160 817 1201 Salmanassaro

76 1230 165 1283 cogitant
176 1228 290 1279 (Zoxxrus2
302 1229 356 1281 all),
372 1230 415 1277 vel,
432 1242 490 1280 quem
505 1229 589 1267 eundern
600 1228 662 1267 fuisse
680 1229 778 1277 diximus,
795 1229 819 1267 de

77 1296 189 1347 Sargone
199 1296 298 1347 (Gustu,
307 1295 378 1338 Hassa
385 1296 398 1345 ³,
409 1295 526 1336 Suessam
533 1295 547 1345 4,
554 1296 635 1345 Urium,
645 1295 718 1344 Hira,
729 1295 819 1336 Semim-

76 1366 138 1415 nnx),
154 1364 241 1402 maxime
256 1370 368 1414 provocant
385 1364 410 1402 ad
427 1364 509 1402 XXfflnm
526 1364 602 1402 lesaiae
614 1370 683 1414 caput,
700 1364 752 1402 unde
764 1364 820 1402 eolli-

77 1439 135 1483 gant,
147 1433 267 1479 Tartauem,
280 1430 377 1482 Sargonis
389 1432 540 1482 imperatorem,
555 1432 666 1482 Aegyptios
678 1437 698 1469 et
709 1431 820 1482 Aethiopes

78 1500 190 1538 debellasse
201 1505 262 1551 atque
273 1499 294 1536 in
307 1499 398 1537 exsilium
411 1499 528 1547 deduxisse3
546 1499 570 1537 de
582 1499 636 1538 cuius
649 1499 719 1549 capitis
732 1498 820 1549 explica

77 1569 131 1606 tione
147 1567 219 1605 idonea
234 1567 269 1605 cfr.
286 1567 345 1617 proll.
370 1568 391 1618 2)
408 1567 450 1605 Alii
467 1568 493 1605 ad
510 1566 674 1606 Sanheribum
691 1567 820 1606 memorabile

76 1635 151 1674 iactum
167 1635 279 1673 detulerunt
290 1634 414 1685 (Ussamus,
430 1631 568 1683 Pamnnnux,
587 1633 671 1683 Garun,
687 1634 819 1686 linanuuu.);

77 1704 98 1741 in
110 1716 194 1754 quorum
205 1703 295 1741 fauorem
306 1702 389 1741 laudata
400 1709 447 1742 suut
457 1703 545 1740 Iosarnr
557 1703 619 1741 verba
630 1702 700 1752 (Aroh.
713 1702 744 1750 Χ,
760 1707 780 1751 1,
792 1703 819 1753 4),

78 1770 113 1821 qui
124 1776 206 1809 auctore
216 1770 302 1808 Busoso
315 1768 446 1809 Sanheribum
460 1783 504 1809 oum
512 1770 619 1820 Aegyptiis
631 1770 684 1808 bello
697 1770 821 1809 conflictasse

78 1839 149 1885 tradit3
166 1844 249 1876 atvero
265 1837 315 1875 nihil
331 1844 473 1876 commemorat
488 1838 512 1875 de
529 1838 632 1876 eversione
643 1838 769 1886 Thebarum,
785 1849 822 1876 nec

80 1907 104 1944 de
115 1906 200 1945 victoria
212 1905 451 1956 quidernAssyriorum⁵;
465 1918 504 1957 quo
517 1904 599 1953 accedit,
612 1906 666 1956 quod
677 1918 714 1944 neo
724 1911 772 1955 post
783 1905 823 1944 cla-

78 1974 122 2011 dem
134 1957 189 2012 illani
202 1974 255 2023 apud
266 1972 429 2024 Hierosolymam
447 1981 548 2023 acceptam
560 1973 612 2011 ullus
628 1973 725 2012 eiusmodi
741 1974 823 2023 expedi-

78 2041 139 2080 tionis
150 2042 206 2092 locus
219 2046 258 2089 est,
271 2053 308 2079 nee
319 2041 401 2090 antea⁶3
418 2047 478 2092 atque
489 2041 534 2091 ipse
546 2041 605 2079 etiam
618 2039 751 2088 Sauheribus,
768 2040 823 2079 cuius

79 2122 111 2147 res
123 2114 169 2147 ante
179 2109 279 2147 funestum
290 2108 346 2146 illum
358 2110 443 2148 reditum
455 2114 524 2160 gestae
536 2109 585 2147 satis
598 2115 690 2148 accurate
700 2108 824 2159 perscriptae

79 2189 141 2227 nuper
161 2181 283 2218 emerserunt
298 2177 394 2225 eruinis,
411 2177 521 2215 debellatos
537 2176 615 2227 quidem
632 2191 645 2215 a
662 2190 684 2216 se
698 2177 743 2227 ipso
756 2172 824 2227 Aegy-

115 2420 132 2460 1)
143 2419 165 2452 Id
177 2420 223 2462 quod
234 2421 299 2453 fatetur
311 2422 363 2453 etiam
376 2421 461 2454 assumus
474 2431 535 2454 comm.
546 2421 565 2453 in
576 2421 609 2453 Ies.
621 2431 638 2463 p.
651 2421 690 2454 642.

115 2476 132 2517 2)
145 2476 179 2509 on.
192 2478 326 2521 disputationem
338 2479 374 2510 eius
386 2478 517 2520 diligentissime
529 2479 642 2519 compositam
649 2477 707 2510 illam:
719 2476 747 2509 De
753 2476 827 2510 historia

82 2537 99 2565 et
107 2534 238 2576 antiquitatibus
246 2534 293 2567 urbis
302 2531 411 2575 Thebarum,
421 2544 489 2576 opusce,
499 2545 521 2568 ss.
533 2524 619 2575 1731‚1‘1.
628 2545 644 2576 p.
652 2535 685 2567 322
694 2545 715 2567 ss.
725 2535 755 2567 cfr.
763 2546 780 2576 p.
787 2535 826 2567 387.

116 2590 134 2631 a)
145 2591 173 2623 ne
185 2592 236 2625 reuss
248 2592 331 2633 Assyriis.
343 2591 415 2624 uratur.
428 2593 479 2625 reae.
661 2582 669 2588 ““

115 2648 133 2688 4)
145 2648 225 2681 Bemerk,
237 2659 259 2681 zu
270 2648 316 2682 Nau.
329 2649 367 2690 ΙΠ,
380 2650 396 2681 8.
409 2648 437 2681 16.
461 2648 522 2682 Studd.
534 2659 551 2681 u.
563 2648 616 2681 Kritt.
630 2648 685 2688 1835,
698 2650 718 2689 l,
729 2649 815 2692 plltlss,

117 2704 134 2745 5)
145 2702 198 2737 Ἀλλὰ
211 2705 242 2738 καὶ
253 2701 354 2747 Βηρωσσός
367 2729 429 2739 ,..,..
442 2703 554 2751 ,μνημονεύει
568 2705 600 2738 τοῦ
616 2704 704 2747 βασιλέως
716 2705 751 2739 tori
766 2706 828 2739 Σενα-

79 2764 166 2804 χσρίβου,
184 2762 215 2793 καὶ
231 2758 259 2795 ὅτι
276 2762 313 2795 τῶν
324 2759 426 2802 Ἀσσυρίων
438 2755 492 2806 ἦρχε,
509 2763 540 2795 καὶ
557 2758 585 2795 ὅτι
600 2758 651 2807 πάσῃ
668 2759 827 2806 ἐπεστρατεύ-

83 2828 138 2850 oozo
151 2817 171 2865 τῇ
183 2815 234 2862 Ἀσίᾳ
248 2819 279 2851 καὶ
292 2818 313 2864 τῇ
326 2813 418 2864 Aiyo'ntrp
429 2820 466 2853 ml.

118 2875 135 2915 d)
148 2875 183 2908 Cir.
195 2874 247 2907 Zona.
260 2876 271 2907 l.
284 2875 295 2907 l.
308 2886 324 2917 p.
335 2876 367 2909 378
377 2886 399 2908 ss.
411 2876 497 2910 Knmusur
509 2887 525 2919 p,
533 2877 555 2910 94
564 2887 586 2909 ss.

668 2934 677 2964 l
690 2931 718 3007 'x
