1889 3264
90 143 149 170 nxxu
313 131 478 168 Protuuormna.
497 127 596 167 (1111111.

93 254 148 293 sibus
164 252 274 290 absolvitur
279 266 284 298 3
303 251 369 302 prima
385 257 450 290 autent
466 241 558 302 stropha,
578 264 618 302 qua
634 253 736 291 tremenda
751 250 832 289 Domini

92 321 185 359 iudicium
198 319 326 370 exsequentis
338 320 415 370 species
430 315 568 367 adumbratur,
585 319 682 369 bipartita
695 319 833 368 (1111111111-

93 390 127 425 bet
138 399 231 424 versuum
242 387 342 435 membra,
360 387 437 426 duobus
448 388 481 426 vel
497 387 561 425 tribus
573 391 683 437 quatuorve
694 386 761 424 verbis
779 392 832 440 certo

94 454 179 506 quodam
193 454 261 492 ordine
274 455 395 505 composita3
408 455 471 494 altera
483 460 547 493 autem
559 454 652 504 stropha,
665 466 716 504 quae
725 452 834 490 bonitatem

94 522 126 560 dei
138 527 158 559 et
169 522 292 560 clementiam
305 523 370 570 addit,
387 536 427 574 qua
443 511 480 572 per
496 523 583 560 hostium
594 521 694 560 interitum
707 533 741 558 eos
756 519 836 557 redimit

94 580 154 641 atque
167 590 243 638 salvat,
256 590 290 639 qui
303 591 320 627 ei
333 590 443 636 confidunt,
455 590 514 639 longe
522 589 620 628 diversam
631 588 711 627 exhibet
719 587 835 637 imaginem:

94 670 151 704 nam,
165 658 223 708 quasi
235 656 308 695 effusus
321 656 419 694 undarum
431 669 501 695 111111
514 657 639 705 cohibeatur,
656 656 739 694 alterum
750 660 836 692 tantum-

95 724 154 762 modo
168 724 263 774 cuiusquc
275 736 344 761 versus
355 724 465 761 membrum
478 736 493 762 s.
506 721 587 773 Sakeph
599 724 694 773 partitum
710 727 749 770 est,
766 727 785 759 et
801 734 836 759 nu-

95 804 161 829 merus
177 791 236 828 etiam
251 791 357 828 verborum
372 790 437 828 minor
456 796 496 838 cst,
518 796 601 840 excepto
623 790 656 827 9¹¹⁰
676 802 745 837 versu,
761 789 795 840 qui
811 788 837 826 ad

90 857 168 910 prioris
180 857 290 907 particulae
301 863 393 895 naturam
406 858 469 909 vergit
475 858 486 895 ¹.
499 880 524 885 -
536 859 565 896 At
576 870 634 905 vero,
650 857 697 895 licet
708 856 805 895 eiusmodi
816 856 838 893 in

87 915 179 963 'dicendo
192 937 225 963 ars
236 925 290 962 haud
302 925 369 963 multis
381 926 523 975 prophetarum
535 925 632 975 exemplis
646 925 737 962 videatur
749 924 837 974 aequari,

96 992 177 1029 nimium
185 997 251 1029 tamen
261 992 353 1029 viderunt
362 992 488 1043 maximeque
498 998 588 1030 errarunt
596 992 720 1039 Lowrrrrus,
731 988 838 1028 Gurxnust

96 1059 141 1105 all,
159 1059 193 1109 qui
209 1058 318 1108 perfectam
335 1059 427 1096 carminis
439 1058 537 1096 rationem
549 1059 641 1108 indagari
656 1071 717 1108 posse
733 1057 837 1095 contende-

96 1131 151 1172 1111;
168 1126 202 1175 qui
217 1125 239 1163 iu
261 1125 388 1163 diiudicanda
405 1125 494 1163 vaticinii
510 1126 576 1163 forma
592 1126 661 1163 eodem
678 1125 726 1162 vitio
739 1124 838 1169 laborant,

97 1205 137 1242 quo
150 1205 219 1231 omues
230 1192 271 1230 fere
283 1193 425 1242 prophetarum
436 1193 565 1242 interpretes,
579 1193 613 1243 qui
622 1197 705 1230 exeunte
718 1203 734 1229 s.
746 1190 839 1229 XVIIIvo

98 1260 226 1309 scripserunt,
239 1260 264 1297 ab
274 1260 347 1297 idonea
356 1260 467 1309 argumenti
479 1259 616 1298 aestimatione
627 1258 717 1309 impediti
733 1263 799 1296 erant:
816 1270 839 1295 eo

97 1336 176 1376 nempe,
196 1326 249 1376 quod
266 1326 349 1376 propria
365 1332 384 1364 et
400 1327 496 1377 peculiari
507 1326 606 1365 visionum
624 1333 643 1364 ct
655 1325 783 1376 propheticae
795 1338 840 1363 ora-

97 1394 157 1432 tionis
174 1399 246 1431 natura
262 1394 352 1443 neglecta
368 1394 393 1431 ad
409 1394 517 1446 carminum
533 1394 630 1432 rationem
646 1394 768 1441 referebant,
790 1405 840 1443 quae

99 1461 123 1498 ab
137 1460 225 1498 oratorio
239 1460 315 1498 dicendi
327 1473 398 1510 genere
413 1461 551 1510 suspendenda
568 1467 620 1500 sunt.
635 1460 691 1498 Licet
706 1460 757 1498 euim
773 1473 841 1498 nurne-

99 1540 133 1566 rus
154 1533 174 1564 et
193 1527 299 1577 rhythmus
311 1528 413 1578 multaque
425 1528 465 1566 alia-
477 1529 589 1566 communia
601 1528 640 1566 sint
651 1527 708 1578 poesi
723 1533 783 1578 atque
794 1540 842 1577 pro-

98 1594 188 1644 phetiae,
205 1600 271 1632 tamen
287 1600 410 1645 quantopere
422 1608 434 1633 a
447 1595 555 1633 carminum
567 1596 637 1634 habitu
649 1601 668 1633 et
679 1595 745 1633 forma
756 1595 842 1644 prophe-

100 1662 139 1699 tica
156 1662 215 1699 distet
232 1662 307 1709 oratio,
328 1662 483 1700 luculentissime
504 1663 609 1701 ostendunt
628 1667 723 1712 poemata
743 1661 842 1700 vaticiniis

99 1729 184 1775 inserta,
197 1728 258 1766 veluti
270 1728 313 1766 Ion.
327 1741 342 1766 1.
352 1729 378 1766 Π.
398 1729 436 1767 les.
449 1742 465 1766 c.
476 1729 596 1767 XXXVHI.
613 1729 667 1767 Hah,
680 1742 695 1767 c.
704 1729 741 1766 Ill.

134 1794 226 1833 Ceterum
244 1796 337 1834 universa
356 1796 473 1833 evertendae
488 1795 538 1834 Nini
557 1796 675 1846 descriptio,
696 1795 773 1834 etiamsi
793 1787 843 1833 adeo

100 1868 171 1900 ornata
188 1861 214 1900 sit
230 1868 290 1912 atque
305 1863 331 1900 ad
347 1863 414 1900 vivum
431 1875 537 1912 expressa,
558 1868 580 1900 ut
594 1864 695 1913 ingentem
711 1863 786 1901 cladem
803 1874 843 1899 non

101 1930 165 1968 solum
181 1942 260 1967 cernere
275 1930 337 1968 oculis
354 1942 423 1967 verum
439 1943 510 1968 raucos
526 1930 586 1968 etiam
603 1930 708 1980 plagarum
725 1930 844 1967 indictarum

101 2002 120 2034 et
132 2009 232 2034 aratrorum
245 2009 386 2035 concussorum
399 1996 502 2046 clangores
515 1997 596 2035 auribus
612 1998 670 2036 nohis
682 1998 784 2036 videamur
799 2009 844 2046 per-

101 2064 166 2113 cipere
172 2063 185 2110 ³,
201 2069 267 2101 tamen
280 2063 339 2101 habet
351 2064 409 2102 simul
422 2070 518 2102 secretum
531 2064 605 2114 aliquid
618 2070 678 2115 atque
691 2065 806 2103 obscurum:
823 2064 844 2100 id

136 2205 153 2245 1)
166 2204 202 2237 Cir,
214 2215 230 2246 p.
240 2204 267 2235 22.
280 2203 307 2235 23.

136 2261 153 2301 2)
165 2261 256 2293 Lovvrmus
268 2260 299 2291 11.
313 2265 408 2293 asseverat:
426 2261 482 2302 ,adde
494 2261 540 2302 quod
556 2263 592 2294 eius
609 2262 709 2294 vaticinium
724 2262 810 2302 integrum
826 2270 845 2292 ac

101 2319 164 2350 iustum
176 2322 202 2349 est
213 2319 286 2359 potura,
300 2317 390 2349 exordium
398 2318 507 2359 magnificum
516 2322 542 2350 est
550 2322 567 2350 11
575 2319 626 2360 plane
636 2322 735 2360 augustum,
744 2316 775 2349 ct.“
792 2316 845 2348 Plura

102 2375 153 2406 etiam
169 2383 222 2414 eaque
238 2374 280 2405 satis
297 2374 391 2415 singularia
406 2376 450 2407 vidit
466 2374 550 2415 1111111,
566 2375 596 2415 qui
607 2375 675 2416 (comm.
687 2385 704 2416 p.
713 2372 741 2413 30)
756 2372 845 2404 exordium

102 2440 124 2462 cx
135 2430 213 2462 versibus
224 2430 302 2461 iambicis
322 2430 398 2462 dimetris
420 2429 534 2462 acatalecticis
547 2435 564 2461 11
575 2431 678 2463 catalecticis
690 2430 788 2461 alternatim
800 2440 845 2462 corn·

101 2487 177 2528 positum
189 2495 227 2518 esse
238 2487 334 2527 existimat3
351 2488 428 2519 carmina
440 2490 497 2518 autem
509 2486 552 2527 duo,
569 2496 612 2528 quae
627 2491 718 2528 praeterea
732 2488 751 2518 in
764 2487 845 2519 vaticinio

102 2542 215 2575 discernenda
227 2542 286 2582 dccet,
302 2544 384 2575 trimetris
399 2543 478 2575 iambicis
491 2544 586 2585 composita
598 2552 640 2574 esse.
663 2543 729 2575 Versus
747 2547 812 2584 autem,
828 2544 846 2575 in

102 2598 163 2639 quibus
175 2598 276 2631 definiendis
288 2599 340 2640 longe
355 2599 420 2632 recedit
435 2609 446 2631 a
462 2600 554 2642 partitione
566 2589 694 2641 hlascrethica,
707 2600 799 2633 secundum
811 2604 846 2632 tra-

102 2658 166 2686 ctatum
179 2664 228 2687 suum
240 2655 262 2687 de
274 2657 350 2688 numeris
362 2656 481 2688 Hebraeorum
494 2656 565 2698 poeticis
578 2656 652 2697 editum,
664 2661 683 2689 ut
694 2658 800 2700 praestitutis
811 2666 846 2689 mc-

103 2711 134 2742 1111
145 2711 179 2743 iltis
192 2711 290 2754 adaptaret,
305 2723 340 2744 uon
353 2713 421 2746 vocales
434 2717 500 2745 tantum
513 2713 604 2745 verborum
617 2723 675 2745 verum
688 2715 726 2756 ipsa
737 2714 790 2747 verba
802 2713 845 2745 adeo

103 2767 208 2808 immutavit,
219 2769 249 2800 u'm
261 2773 280 2800 ut
291 2769 378 2802 interdum
390 2770 468 2803 Nahumi
481 2770 563 2803 vaticinia
575 2774 592 2803 te
604 2770 661 2813 legere
674 2771 754 2813 opineris.

137 2823 201 2863 «1011.
214 2825 265 2867 adl,
280 2827 306 2858 10,
319 2825 356 2866 ΠΙ,
369 2828 384 2857 ἱ).
