1889 3264
370 172 419 212 Cnr.
427 173 468 222 III,
481 185 500 212 v.
512 177 539 228 lq.
777 170 824 215 117

79 302 155 339 fressen
176 300 216 337 ct.“
241 295 274 348 ,ἴθ’
292 298 382 336 locustae
400 311 473 343 nomen
493 299 550 349 poesi
570 298 686 350 proprium,
706 299 793 349 primum
814 312 826 337 a

79 367 143 415 Ioele,
163 366 249 417 indeque
264 366 299 405 Ps.
317 365 360 413 CV,
378 368 411 414 84,
430 366 469 406 Ies.
485 366 525 415 LI,
546 370 567 405 27
591 366 710 414 delibatum3
734 372 825 417 repeten-

44 476 46 478 ,
80 437 126 474 dum
135 447 206 472 nomen
218 434 264 471 inde
276 439 315 482 est,
328 433 383 483 quod
394 433 485 472 lambunt
496 435 644 486 quodammodo
655 434 745 473 locustae
756 447 824 486 agros,

81 503 123 543 sive
137 514 195 541 rasos
210 502 301 540 reddunt.
330 500 440 539 (tenorem
462 502 589 552 opinionem,
607 501 642 554 qni
665 502 777 553 inqcomm.
798 503 824 541 ad

79 570 163 618 Io'e'Iem,
176 571 276 613 Acarnan
287 574 376 618 secutus,
390 574 484 620 quattuor
495 570 618 609 locustarum
627 559 740 609 nominibus
751 570 780 608 ibi
788 572 824 609 ob·

80 639 117 678 viis
130 642 194 676 certas
206 651 274 676 earum
286 641 361 676 aetates
374 642 394 675 et
409 638 468 688 quasi
483 639 607 677 evolutiones
622 637 724 688 indigitari
741 638 823 689 cogitat,

81 703 114 756 pa*
135 711 201 743 autem
221 705 268 752 dicI,
289 705 406 756 priusquam
426 710 518 759 quartam
539 712 603 744 cutem
620 705 709 754 exuerit,
729 705 825 744 refutavit

80 773 186 812 Heresrs.
199 772 293 812 Christol.
306 773 346 820 III,
362 787 383 823 p.
393 775 426 811 149
439 786 465 812 ss.
484 774 599 824 Ambigitur
617 778 694 821 autem,
711 778 777 811 utrum
789 769 835 823 pls

80 845 149 879 nostro
169 840 214 879 Ioco
234 840 261 879 sit
280 840 405 879 accusativus
426 854 452 878 an
472 841 616 889 nominativum
635 841 693 878 illum
712 846 825 880 statuerunt

81 908 156 956 Onna,
169 906 246 956 (laon,
259 907 351 957 Kanum,
364 908 503 957 EW.,H1ra,
520 909 545 947 ob
558 909 662 960 sequentia
676 908 769 947 nimirum
780 922 823 957 va,

80 977 114 1015 ubi
132 976 223 1016 linctoris
238 977 347 1016 similitudo
370 978 397 1016 ad
411 976 468 1027 ipsos
490 977 611 1017 transfertui
623 977 728 1027 Assyrios.
749 977 833 1016 Dicunt

80 1050 146 1084 autem
158 1045 190 1083 vel
201 1045 223 1083 in
240 1045 315 1083 oriente
326 1045 449 1084 locustarum
466 1046 547 1096 agmina
561 1046 608 1097 igne
622 1045 722 1084 interdum
739 1058 823 1084 accenso

81 1113 153 1164 depelli
169 1113 281 1165 (Kanum),
296 1114 326 1153 ita
340 1127 423 1164 nempe,
445 1120 467 1153 ut
482 1114 539 1165 ignes
556 1114 688 1153 accendantur
703 1114 781 1164 magni,
802 1113 824 1152 in

81 1194 132 1234 quos
144 1181 229 1220 debeant
239 1182 335 1230 Incidere,
353 1194 397 1219 cum
413 1194 453 1220 non
469 1182 549 1232 possint
565 1182 605 1221 nisi
616 1188 670 1220 recto
682 1181 753 1220 itinere
764 1182 824 1232 proni

81 1250 149 1289 volare
165 1250 241 1301 (Eu.);
257 1263 294 1289 nee
310 1250 423 1298 defuerunt,
441 1250 476 1302 qui
492 1263 502 1288 e
516 1250 578 1289 Liuio
594 1249 663 1298 XLII,
677 1253 698 1288 10
714 1256 733 1288 et
747 1250 824 1289 Pmruo

80 1317 108 1357 N.
120 1318 147 1356 H.
159 1318 201 1366 XI,
218 1321 240 1356 29
254 1319 366 1366 didicerint,
384 1318 456 1369 gladiis
468 1319 528 1356 etiam
539 1318 653 1369 impugnari
664 1318 742 1356 belluas
753 1317 823 1357 istasll

81 1388 110 1425 Ar
122 1399 169 1425 vero
187 1399 236 1424 num
253 1391 329 1425 tautum
342 1385 438 1425 eiusmodi
450 1385 617 1436 manipulaticnes
628 1386 723 1425 adversus
735 1385 825 1436 ingentia

80 1455 203 1493 locustarum
214 1454 294 1504 agmina
305 1453 413 1492 remedium
425 1454 529 1501 afferrent,
546 1453 621 1505 quippe
632 1466 683 1504 quae
695 1453 743 1492 solis
755 1453 824 1491 hodie-

82 1535 120 1575 que
137 1523 245 1561 obscurant
255 1522 330 1570 lucem,
348 1527 367 1560 et
384 1534 435 1573 quae
446 1521 500 1572 apud
511 1521 586 1560 Iotlem
597 1522 630 1560 all.
647 1527 750 1573 tamquam
761 1520 824 1560 inelu—

82 1590 163 1630 ctabiles
176 1589 313 1629 describuntur
325 1590 457 1639 calamitates,
474 1602 525 1640 quae
540 1590 667 1640 exstinguere
680 1590 748 1627 omnia
763 1595 825 1640 atque

82 1658 162 1709 depasci
174 1658 248 1706 solent,
261 1671 301 1709 quo
309 1658 473 1708 progrediuntur,
485 1662 563 1695 tantum
572 1657 616 1695 dico
625 1658 744 1705 remedium,
757 1657 824 1696 utim—

81 1739 150 1765 mensa
165 1726 190 1764 iis
205 1726 336 1776 Assyriorum
352 1731 430 1776 strages
445 1725 512 1763 valeat
526 1725 652 1775 comparari?
678 1725 698 1777 2)
714 1723 825 1776 Sequemur

81 1795 143 1844 igitur
155 1793 206 1832 alios
218 1793 335 1843 interpretes
347 1793 440 1840 Maron,
454 1792 563 1840 eirenen,
575 1792 685 1840 Honorem,
697 1792 777 1842 Urina,
790 1793 825 1844 qui

81 1862 224 1900 nominativum
236 1868 363 1911 acceperunt:
381 1860 485 1899 devorabit
496 1865 516 1898 te
527 1866 549 1898 ut
560 1860 649 1908 locusta;
671 1860 702 1898 cui
714 1861 824 1899 sententiae

82 1930 202 1968 contrarium
218 1941 261 1967 esse
272 1929 353 1979 nequit,
370 1928 424 1978 quod
439 1929 508 1966 eadem
520 1927 629 1966 similitudo
645 1928 666 1966 in
682 1928 750 1965 eodem
766 1941 826 1967 versu

82 1998 166 2037 dirersis
177 1997 242 2036 modis
254 1997 364 2044 adhibetur,
377 2009 421 2035 cum
433 2001 538 2047 sequentes
554 2009 586 2035 vr.
595 1998 622 2034 16.
633 1999 654 2034 17
667 1997 750 2035 eandem
761 1995 825 2035 vicem

82 2067 193 2106 ostendant.

115 2135 186 2173 Altero
201 2135 289 2173 membro
306 2134 428 2173 locustarum
445 2122 512 2186 imago
525 2136 551 2174 ad
562 2135 694 2186 Assyriorum
706 2133 826 2172 transfertur

81 2204 181 2255 ingentem
192 2203 349 2251 multitudinem,
362 2207 423 2253 atque
434 2203 484 2241 adeo
496 2204 606 2242 adnomen
619 2200 653 2254 pm
665 2202 741 2241 accedit
757 2214 825 2250 naun,

82 2272 230 2324 quodpropter
241 2271 377 2310 incredibilem
388 2283 501 2320 numerum,
518 2272 544 2310 ad
561 2285 619 2323 quem
636 2271 725 2310 celeriter
740 2270 826 2321 amplifi-

83 2346 163 2388 cantur,
179 2339 251 2378 belluis
269 2339 313 2378 istis
329 2338 445 2388 impositum
457 2345 493 2379 est.
511 2339 631 2379 Conceditur
642 2338 734 2389 Assyriis
749 2338 826 2376 numeri

82 2409 216 2459 praestantia,
234 2413 300 2446 tamen
312 2413 376 2446 certus
392 2406 417 2445 iis
433 2406 526 2446 interitus
540 2408 643 2446 nuntiatur
654 2421 673 2446 v.
687 2419 718 2458 sq,
736 2407 826 2445 Multitu-

83 2477 134 2516 dinis
150 2476 202 2514 enim
219 2475 358 2527 cogitationem
373 2487 467 2531 regnare,
485 2489 549 2527 neque
566 2489 614 2515 vero
631 2474 747 2526 gravitatis,
765 2487 826 2526 quam

83 2559 94 2583 e
106 2559 124 2583 v.
140 2556 179 2585 mn
198 2544 265 2582 elicuit
276 2543 408 2583 Unonnrmus
420 2543 462 2593 (die
476 2544 518 2583 sich
533 2544 554 2582 in
569 2545 668 2583 schwerer
678 2542 729 2581 Last
743 2543 780 2581 auf
795 2542 827 2581 die

82 2613 158 2652 Baume
169 2612 264 2663 lrttngen),
277 2625 315 2650 ev.
326 2615 347 2649 16
359 2616 426 2661 patet3
436 2616 456 2649 et
468 2625 486 2650 r.
499 2622 539 2652 aa:
551 2612 592 2650 Kal
602 2612 626 2649 de
635 2610 692 2662 gravi
700 2610 826 2649 multitudine

82 2681 155 2732 legitur
167 2678 218 2719 Gen.
231 2679 293 2727 XIII,
306 2682 327 2727 2,
342 2679 381 2718 adi.
398 2689 440 2739 aa}
452 2680 492 2718 Ex.
505 2679 567 2728 VIII,
580 2682 608 2720 20.
621 2678 653 2727 X,
667 2682 689 2717 14
700 2678 746 2727 all,
762 2680 825 2718 subst.

83 2752 123 2798 73¹2>
136 2749 171 2787 cfr.
184 2747 214 2796 H,
228 2751 255 2785 10.
268 2747 383 2797 AmbIgitur
394 2753 460 2786 autem
473 2748 497 2785 de
508 2747 575 2798 priore
586 2747 642 2786 verbi
653 2746 719 2785 forma
747 2756 827 2804 Ίξξηῆ,

83 2801 149 2855 utrum
160 2816 215 2854 infin.
227 2815 291 2854 absol.
304 2828 331 2853 an
342 2815 433 2866 imperat.
444 2828 504 2854 masc.
518 2815 544 2854 sit
549 2830 555 2863 ;
571 2815 589 2854 si
599 2816 649 2853 haec
660 2820 691 2854 est
701 2815 778 2863 forma,
790 2826 826 2864 per

84 2883 192 2923 chiasmum
203 2884 304 2922 inversum
315 2883 440 2923 referendum
452 2889 482 2923 est
494 2883 519 2921 ad
531 2883 649 2934 Assyrium,
665 2893 751 2940 sequente
762 2883 776 2921 f.
789 2881 826 2920 im-
