1889 3264
108 172 149 197 nrx
331 159 497 196 Pnonroonnrr.
514 157 563 196 Cir.
576 159 612 195 ΙΙΙ.

109 284 140 334 gie
152 281 231 320 claudit.
250 280 356 319 Cor-ellarii
369 282 516 332 quodammodo
528 282 583 328 loco,
597 281 631 331 qui
640 279 743 319 Chaldaici
756 279 850 331 temporis

109 348 216 389 secundnm
231 353 284 386 tenet
295 348 371 399 locum,
383 349 518 388 Ζ111>11Α1111111
531 350 590 388 breve
603 354 622 386 et
634 348 755 386 succinctum
767 349 791 386 de
797 348 851 386 Nino

109 417 187 455 addidit
198 415 323 465 vaticinium,
337 418 401 468 quod,
414 431 457 456 cum
468 416 591 468 oppugnatio
602 416 655 454 urbis
664 416 704 453 iarn
713 421 784 465 coepta
793 421 850 462 esset,

109 497 135 522 ne
145 484 243 522 humanae
256 484 335 534 quidem
347 480 467 523 dubitationi
478 484 539 523 uliam
550 485 643 534 relinquit
652 495 728 521 ansam.
746 482 851 521 Postremo

109 550 233 598 Fimaonrun2
244 552 362 590 immensam
373 544 424 590 tanti
435 552 514 602 imperii
525 552 603 590 ruinam
613 551 716 602 praeclara
725 549 853 588 similitudine

111 618 224 668 deploravit
243 624 263 656 et
277 624 373 669 tanquam
393 625 452 657 atrox
472 619 627 668 omnipotentiae
649 618 728 657 divinae
749 617 854 667 proposuit

111 687 229 736 exemplum

142 751 213 801 Quare
225 765 269 790 cum
281 760 341 801 caput
353 753 465 802 argumenti
472 766 516 791 cum
525 753 570 791 aliis
579 751 778 791 vaticiniisNahumo
788 751 854 789 videa-

56 856 57 859 ,
112 833 155 858 mus
165 832 271 857 ‘commune
282 832 336 867 esse,
353 820 460 869 singularis
475 827 542 859 tamen
559 819 634 858 oraculi
652 820 704 857 ratio
721 824 781 870 atque
795 831 855 868 pecn-

112 887 168 925 liaris
184 887 205 925 in
224 899 248 924 eo
260 887 346 936 primum
359 887 489 936 conspicitur,
507 888 561 939 quod
573 887 703 937 Assyriorum
719 886 806 923 interitui
823 883 860 922 dess

114 954 218 993 scribendo
231 953 337 1003 plurimum
350 954 429 1002 tribuit,
445 955 587 993 redemtionem
598 954 716 992 Iudaeorum
728 953 797 1003 paucis
812 958 856 991 tan-

114 1028 156 1059 turn
169 1020 280 1068 declarant,
299 1026 359 1071 atque
368 1022 418 1058 adeo
431 1022 480 1060 satis
492 1022 601 1060 luculenter
613 1021 698 1059 ostendit
710 1020 780 1059 salutis
792 1020 856 1057 notic-
910 1036 912 1045 0

114 1101 158 1126 nern
175 1089 195 1125 in
206 1088 232 1126 V.
246 1087 276 1125 To
295 1088 381 1125 maxime
397 1082 484 1137 positam
503 1101 547 1127 esse
561 1088 582 1125 in
600 1088 705 1126 securitate
721 1088 745 1125 ab
765 1087 856 1125 hostibus

115 1155 249 1204 adipiscenda.
278 1154 350 1204 Neque
365 1167 413 1192 vero
426 1156 533 1193 secundum
543 1154 633 1193 Nahumi
644 1155 765 1202 doctrinam,
779 1154 857 1203 qualem

114 1223 134 1259 in
146 1235 186 1259 nno
198 1223 237 1259 hoc
248 1221 316 1259 libello
328 1222 425 1260 habemus
437 1235 564 1272 expressam,
576 1222 657 1260 Israelis
667 1221 721 1259 salus
734 1227 753 1258 et
761 1221 856 1259 redemtio

115 1290 140 1328 ad
153 1302 251 1328 summum
262 1290 321 1327 finem
335 1301 392 1327 suum
404 1289 502 1341 simulque
514 1289 613 1327 cumulum
625 1289 699 1339 vergit,
712 1288 747 1339 qui
755 1288 776 1325 in
784 1288 859 1327 llessia

114 1357 192 1406 positus
200 1362 240 1394 est:
253 1356 303 1393 nihil
310 1357 362 1393 enim
370 1356 391 1393 in
401 1356 495 1394 vaticinio
506 1357 547 1395 eius
557 1356 716 1407 deprehenditur,
729 1356 784 1406 qnod
795 1356 858 1405 probe

115 1424 213 1474 appellari
229 1429 299 1473 posset
314 1423 446 1462 Messianum:
463 1424 533 1474 negari
549 1429 615 1462 tamen
633 1423 712 1473 nequit,
734 1434 774 1460 non
793 1423 858 1472 prima

115 1497 191 1528 tantum
204 1490 285 1528 alterius
298 1489 368 1540 capitis
380 1491 461 1538 vertat
477 1504 545 1528 verum
561 1491 623 1529 totius
639 1490 714 1528 oraculi
730 1490 788 1540 quasi
805 1502 858 1528 sum-

115 1572 179 1606 mam,
192 1558 315 1595 eversionem
326 1558 404 1607 imperii
417 1558 511 1597 secularis
524 1564 584 1609 atque
596 1558 660 1608 gentis
673 1569 741 1596 sacrae
756 1556 858 1595 liberatio-

115 1633 159 1663 nein
171 1631 191 1663 et
201 1625 354 1672 restitutionem,
366 1624 388 1662 in
400 1624 480 1664 Christo
493 1626 571 1664 demum
583 1625 665 1675 eiusque
676 1636 738 1675 regno
751 1624 829 1663 absolvi
841 1630 860 1662 et

116 1692 218 1730 cumulari.
235 1692 287 1730 Turn
300 1704 347 1730 vero
360 1692 418 1730 sicuti
430 1706 442 1731 a
454 1693 497 1730 zelo
508 1693 591 1731 Domini
603 1701 622 1730 ct
634 1692 713 1742 energia
728 1692 860 1742 proficiscitur

116 1760 136 1807 1,
149 1763 170 1806 ἱ),
185 1772 236 1809 [pirae
246 1764 371 1809 peccatorem
382 1771 423 1797 non
432 1760 518 1798 dimittat
528 1760 637 1806 insontem,
649 1760 678 1797 ita
690 1772 726 1809 per
739 1759 859 1798 omnevati-

117 1827 189 1864 oinium
206 1826 286 1864 talionis
303 1826 381 1864 divinae
397 1831 417 1864 et
437 1827 574 1865 retributionis
595 1826 702 1864 declaratio
723 1826 756 1864 vel
778 1826 860 1865 latitans

74 1906 75 1909 ’
118 1894 265 1945 quodammodo
279 1895 314 1932 sub
328 1894 443 1943 superficie,
456 1894 488 1932 rel
499 1895 588 1944 apertius
596 1906 693 1944 expressa
702 1894 860 1943 deprehenditur,

116 1962 138 1999 id
154 1962 207 2012 quod
222 1961 243 1998 in
259 1961 342 2010 singulis
360 1961 452 2011 deinceps
469 1962 519 2000 locis
536 1962 659 2011 explicandis
676 1961 804 1999 ostendimus.
830 1962 862 1999 Ac

118 2028 175 2066 sicuti
187 2029 208 2065 in
220 2028 349 2066 describendo
364 2028 400 2066 zeli
413 2028 474 2067 divini
486 2029 558 2067 ardore
570 2034 672 2074 versatur,
691 2028 720 2066 ita
738 2028 802 2066 oratio
819 2029 861 2067 eius

117 2096 163 2145 ipsa
175 2096 220 2146 igne
232 2095 379 2146 quodammodo
390 2100 409 2134 et
418 2096 502 2134 flammis
512 2096 597 2147 flagrare
606 2096 694 2143 videtur;
708 2096 801 2146 apposite
810 2091 861 2134 enim

118 2162 245 2202 Lowrrrrus⁵
256 2163 322 2201 stilum
332 2163 374 2201 eius
382 2163 413 2202 his
422 2164 540 2213 perstrinxit
553 2164 629 2202 verbis:
643 2176 683 2211 „err
695 2163 787 2201 omnibus
798 2164 862 2201 mino-

117 2231 173 2269 ribns
185 2230 287 2281 prophetis
300 2243 357 2268 nemo
370 2230 447 2287 videtur
459 2244 545 2282 aequare
557 2231 710 2279 sublimitatem,
728 2231 830 2279 ardorem,
844 2236 863 2269 et

118 2299 202 2337 audaces
215 2298 297 2348 spiritus
309 2297 428 2346 Nairrrrrri;“
441 2311 476 2337 nec
488 2312 528 2337 non
540 2300 660 2339 assentimus
669 2299 808 2346 Knununnro,
821 2300 861 2349 qui,

120 2462 295 2494 ntlnclaeiMannsse
307 2467 390 2504 regnante
402 2465 420 2494 in
433 2463 541 2495 atrocissima
552 2467 623 2505 peccata
635 2464 699 2495 reversi
710 2464 766 2496 minas
778 2464 816 2496 illas
828 2465 863 2497 iam

120 2523 210 2552 eventuras
222 2521 372 2561 pertimescerent:
388 2520 449 2552 codem
462 2520 508 2552 enim
520 2525 597 2562 tempore
609 2519 679 2552 Nahum
695 2521 736 2562 ipsis
747 2521 825 2563 Assyriis
837 2522 862 2554 in-

119 2577 188 2608 teritum
199 2576 352 2616 instare,'ludaeis
365 2581 421 2608 aritenr
434 2577 507 2608 salutern
520 2578 541 2608 ct'
549 2575 673 2609 redemtionem
685 2577 783 2611 affirmarit

154 2633 171 2673 1)
183 2634 218 2667 Cir.
231 2634 284 2676 Zeph.
297 2634 324 2674 H,
339 2634 419 2666 13—15.

154 2689 170 2728 2)
183 2690 218 2721 Gfr.
231 2691 293 2725 Erech.
305 2690 374 2724 XXXI.
387 2690 470 2731 XXXII,
483 2692 504 2723 22
517 2701 539 2723 ss.

154 2746 171 2786 3)
184 2747 219 2780 Cir.
232 2748 353 2780 Haavnnnruun
366 2748 421 2780 Vorll.
434 2746 477 2780 iiber
490 2748 517 2780 dic
530 2748 591 2782 Theoi.
604 2749 633 2781 cles
647 2750 669 2781 A.
679 2747 700 2780 'il
712 2760 728 2790 p.
737 2748 776 2781 160,

154 2803 171 2843 4)
184 2804 219 2837 Cn.
231 2807 283 2847 pld.
296 2806 323 2838 51.

154 2863 171 2903 a)
183 2862 218 2895 Ct'r.
230 2862 300 2896 10111111λ
312 2862 333 2894 dc
346 2872 394 2895 sacra
408 2863 455 2905 puisi
467 2862 529 2896 Hebri·¹
543 2861 557 2902 ξ.
567 2863 605 2894 att.
