1889 3264
122 154 191 183 uxum
360 145 522 182 Puonnccuana.
540 142 588 182 Cur.
601 143 637 181 11.·

124 273 144 305 et
155 267 284 318 ignominiam
296 267 377 315 rdturis,
393 267 414 305 in
427 267 518 307 exsilium
530 270 723 318 transportarentur,
736 274 796 319 atque
807 268 864 315 adeo,

124 334 178 385 quod
193 334 253 372 modo
269 334 325 384 passi
341 339 397 373 crant
411 335 525 384 israelitae,
545 336 597 374 idem
615 334 666 385 ipsis
681 335 797 383 propediem
813 336 863 374 aeci·

124 402 183 440 deret.
205 404 273 453 Atque
290 415 314 440 ea
330 403 416 441 formido
433 404 476 442 sinc
488 404 548 442 dubio
564 403 709 454 exaugebatm,
725 401 742 439 si
756 403 800 451 quis
812 404 865 441 forte

123 475 190 507 ratum
206 471 280 518 verba,
296 470 361 509 obiter
373 477 431 510 antea
444 471 522 520 audita,
538 473 686 517 recordaretur,
702 469 737 520 qui
748 469 804 518 ipsas
817 471 863 509 illas

123 535 227 576 Samariae
242 538 364 578 calamitates
379 539 457 577 Iudaeis
475 551 554 591 quoque
569 540 645 577 instare
663 537 809 576 nuntiaveram.
835 539 864 576 At

124 618 171 643 vero
185 606 257 656 exigua
274 606 353 656 piorum
365 606 447 644 Domini
464 619 566 645 serrorum
582 607 668 657 reliquia
686 605 743 644 aliter
755 610 797 643 erat
807 604 864 643 iusti·

124 677 179 711 tuta:
196 673 273 723 priores
289 674 341 711 euim
357 674 467 723 prophetae
483 686 559 712 summo
575 674 627 712 inter
643 687 664 713 se
681 686 779 712 consensu
794 673 864 710 docue-

125 746 181 788 rant,
198 741 352 779 internecionem
364 740 443 780 Iudaeis
458 754 499 779 non
514 742 540 779 ab
552 742 654 792 Assyriis,
669 754 738 780 verum
753 754 766 779 a
776 740 864 792 Babylo-

126 808 164 847 niis
176 808 201 845 iri
212 814 310 858 paratum.
328 808 464 848 Nihilominus
475 809 500 847 iis
513 822 601 860 quoque,
619 809 653 859 qui
670 809 709 847 hoc
719 808 813 858 religiose
824 822 864 846 me-

125 875 233 924 minerant,
246 877 313 926 gravis
325 881 368 914 crat
380 881 399 914 et
408 877 479 915 acerba
488 877 575 915 maxime
581 877 634 927 regis
641 877 763 925 asportatio:
776 889 865 915 summae

126 944 179 981 enim
190 944 269 981 futurae
280 944 350 983 salutis
361 944 516 994 promissiones,
533 957 584 995 quac
598 943 674 995 populo
687 944 745 981 datiae
757 950 823 992 erant,
839 944 864 981 ad

123 1010 199 1061 regiam
206 1011 291 1050 Doridis
303 1012 393 1049 sobolem
403 1012 512 1050 haerebant
523 1013 630 1050 adstrictae
634 1026 639 1059 ;
649 1024 686 1049 rex
697 1011 768 1061 igitur,
781 1017 803 1049 ut
811 1011 862 1049 Iere-

125 1078 176 1116 miae
188 1079 255 1116 uerbis
266 1084 318 1126 utar,
331 1092 390 1117 uerae
398 1078 479 1117 Israelis
491 1079 572 1129 spiritus
585 1079 651 1118 uitalis
664 1078 718 1117 erat1
722 1093 728 1126 3
741 1092 806 1129 neque
817 1092 864 1117 vero

124 1146 255 1196 ignorabant,
267 1146 289 1184 in
299 1158 347 1196 rege
358 1146 482 1197 Babylonem
494 1147 580 1184 abducto
593 1146 655 1185 totius
666 1145 737 1195 populi
749 1146 817 1183 eodem
829 1146 865 1184 ali-

125 1214 204 1265 qnando
221 1214 326 1251 abiiciendi
343 1214 416 1264 pignus
432 1213 494 1252 latere
516 1219 535 1252 et
554 1213 699 1264 quodammodo
719 1212 864 1263 praesagium?

125 1280 207 1319 Cunctis
219 1281 280 1332 igitur
291 1293 368 1319 summo
380 1293 471 1319 moerore
482 1286 501 1319 et
512 1281 618 1319 formidine
629 1281 730 1329 sollicitis,
748 1293 793 1318 cum
804 1281 864 1320 nullis

125 1348 184 1388 sociis
200 1348 312 1398 respublica
327 1349 464 1397 adiuvaretur,
479 1349 520 1387 imo
536 1348 621 1388 inimicis
636 1349 724 1399 undique
739 1353 758 1386 et
772 1348 863 1388 hostibus

125 1415 245 1454 circumdata
254 1422 316 1464 esset,
329 1417 438 1455 cavendum
447 1429 567 1468 magnopere
576 1423 627 1464 erat,
640 1430 665 1455 ne
673 1415 811 1466 desperatione
819 1429 864 1454 cor-

124 1485 177 1533 repti
188 1484 209 1521 iu
220 1484 338 1522 atrociorem
351 1485 410 1522 etiam
423 1484 566 1523 contumaciam
578 1490 598 1522 et
608 1484 738 1534 pertinaciam
745 1484 864 1534 praecipites

124 1552 213 1598 abireut3
226 1557 254 1598 ct,
268 1564 311 1589 cum
323 1551 384 1589 totius
393 1552 463 1601 populi
470 1552 570 1590 evertendi
579 1557 656 1601 tempus
665 1552 805 1601 praestitutum
814 1565 864 1589 uon-

125 1619 170 1657 dum
181 1619 275 1666 venisset,
288 1619 362 1657 electae
373 1626 439 1657 autem
450 1619 529 1669 piorum
540 1619 636 1669 reliquiae
642 1619 663 1656 in
672 1619 710 1657 fide
720 1624 739 1656 et
751 1619 864 1657 obedientia

124 1687 272 1725 conservandae
281 1692 356 1725 esseut:
368 1687 447 1724 fortiter
458 1692 514 1725 erant
522 1687 622 1735 mouendi,
634 1700 659 1724 ne
671 1687 696 1724 ab
708 1686 799 1737 Assyriis
811 1700 864 1725 nunc

125 1754 163 1793 sibi
174 1754 250 1792 instare
260 1754 366 1803 perniciem
378 1754 479 1802 timerent,
495 1754 530 1793 sed
545 1753 615 1792 leviter
627 1754 719 1804 castigati
730 1755 783 1792 bono
796 1754 862 1803 auium

124 1828 204 1871 recepto
222 1822 247 1859 ab
262 1821 389 1859 idololatriae
403 1821 481 1860 insania
493 1821 636 1871 resipiscerent.
654 1822 722 1872 Atque
733 1822 772 1859 hoo
783 1821 862 1872 quidem

124 1888 242 1928 consolandi
253 1902 324 1927 munus
332 1888 426 1927 Nahumo
438 1889 547 1927 iniunctum
559 1895 599 1937 est,
612 1889 647 1939 qui
655 1888 734 1927 Iudaeis
744 1901 801 1928 suurn
809 1889 864 1939 ipso-

124 1970 168 1994 rum
178 1956 280 1994 interitum
295 1957 410 1995 timentibus
422 1957 553 2007 Assyriorum
567 1957 635 2006 potius
651 1956 804 1995 internecionem
816 1970 863 2007 pro-

123 2024 201 2074 pediem
213 2030 328 2062 eventuram
339 2024 406 2062 divino
419 2024 490 2074 spiritu
501 2024 606 2063 instinctus
618 2024 730 2074 proposuit.

159 2121 176 2160 l)
188 2120 224 2152 Cir.
237 2120 303 2152 Threni
314 2119 347 2159 IV,
359 2120 390 2160 '203
407 2119 460 2154 Mich.
472 2119 505 2160 IV,
518 2119 537 2160 9,
553 2119 591 2152 coll.
604 2119 689 2152 Huncsrn.
704 2119 785 2153 Christol.
798 2119 835 2161 ΠΙ,
848 2124 865 2153 et

125 2177 210 2211 Casmnro
224 2187 239 2209 a.
248 2176 265 2208 h.
273 2176 285 2208 l.

158 2234 175 2274 2)
188 2233 236 2273 Quae
248 2244 287 2266 cum
298 2235 323 2266 ita
335 2236 377 2275 sint,
390 2238 455 2266 temere
465 2234 550 2267 iudicasse
562 2238 634 2275 apparet
645 2234 736 2266 triavus.
748 2233 793 2265 Einl.
804 2233 833 2273 Π,
846 2234 863 2275 b,

123 2303 139 2334 p.
147 2292 190 2332 374,
202 2301 240 2323 cunr
248 2295 364 2324 asseveraret:
377 2291 425 2331 „Das
433 2291 521 2332 Ereigniss
532 2290 613 2323 achron.
622 2290 716 2331 XXXIII,
725 2291 746 2322 11
755 2289 802 2321 kann
811 2289 864 2322 sehon

123 2350 180 2380 seincr
195 2350 276 2381 aussereu
287 2348 389 2390 Bedeutung
404 2347 457 2388 rittoh⁷
473 2348 498 2379 als
514 2348 542 2379 cin
558 2347 599 2380 hald
614 2348 649 2379 und
666 2347 711 2379 ohne
727 2356 786 2388 grosse
798 2346 865 2389 Folgen

124 2405 283 2447 vorhhergehendes
295 2415 327 2447 gar
337 2405 385 2437 nicht
396 2405 414 2436 ln
427 2403 509 2436 Betracht
520 2403 617 2436 hommem*
639 2403 688 2443 Quae
700 2407 757 2435 antem
769 2404 865 2436 subiunxit:

124 2463 179 2504 „noch
191 2462 267 2503 weniger
279 2461 330 2501 aber,
347 2470 399 2493 wenn
410 2470 450 2492 man
462 2462 510 2492 scine
522 2461 582 2492 iuuere
594 2459 697 2502 Bedeutuug
709 2461 741 2492 iu's
753 2461 805 2501 Auge
816 2461 864 2493 fasst.

122 2520 194 2553 Damals
206 2530 244 2552 war
255 2528 274 2551 cs
286 2519 325 2551 eine
336 2517 416 2560 geraehte
428 2516 485 2550 Strato
497 2517 527 2548 des
539 2516 606 2557 Herm,
622 2516 666 2549 daau
677 2517 774 2558 bestiam,
789 2528 817 2550 um
833 2518 864 2551 das

123 2577 224 2618 abtrimnigc
237 2576 283 2609 Volh
295 2575 331 2607 und
343 2574 405 2607 desseu
416 2573 475 2616 Konig
487 2585 517 2606 zur
528 2573 629 2617 Bcsinnung
645 2584 666 2606 au
677 2574 726 2607 rufen
738 2574 774 2606 und
786 2574 865 2608 dasselbe

123 2633 199 2675 zngleich
215 2635 265 2666 einen
277 2632 396 2666 Vorschmack
411 2632 466 2664 seinos
482 2630 527 2664 nahe
543 2630 691 2664 bevorstehendeu
704 2631 811 2665 Schiclrsalcs
828 2643 863 2665 eur-

122 2691 191 2734 pfindcn
204 2701 224 2723 zu
236 2690 302 2722 lassen“
312 2709 334 2713 -
344 2699 365 2722 aa
377 2693 483 2731 qrrantopere
495 2693 571 2721 nostram
584 2688 686 2720 sententiam
700 2688 808 2729 confirment,
821 2690 863 2722 satis

122 2758 205 2790 superque
220 2747 321 2788 indigitasse
336 2748 385 2779 nohis
401 2747 488 2786 videmur,
503 2746 604 2788 praesertim
619 2745 649 2777 uhi
660 2744 728 2778 Iesaiae
744 2755 863 2786 comparamus

122 2804 260 2844 similitudinem,
275 2805 313 2845 qui,
329 2804 429 2836 anmmtiato
446 2803 507 2836 exsilio
520 2802 627 2845 Babylonico
640 2813 653 2835 c.
667 2803 757 2840 XXXIX,
773 2802 863 2835 confestim

122 2861 176 2903 pergit
189 2861 249 2894 ext:
265 2865 350 2897 namur
366 2866 415 2897 araur
431 2853 491 2900 anni!
