1889 3264
102 162 150 188 axii*
337 153 501 190 Puomruounnn,
521 150 569 189 Car.
579 152 605 189 II.

104 275 183 312 omnino
196 275 298 323 convenit,
311 281 339 323 et,
357 275 419 313 donec
431 274 547 313 certioribus
561 274 701 323 oourprobetur
712 275 842 320 doeurneutis,

104 340 232 380 dubitandum
245 342 287 379 erit.

138 409 244 460 Utcunque
255 415 295 458 est,
313 424 336 448 ea
349 416 400 449 certe
411 410 540 460 Assyriarum
553 422 617 447 reruni
630 409 717 447 conditio
731 410 843 448 Assarhad-

105 478 156 515 done
167 482 263 528 regnante
273 477 335 517 fuisse
346 478 436 528 putanda
448 483 483 526 est,
494 483 514 515 ut
525 491 566 516 non
578 477 642 516 solum
655 477 756 515 tremenda
764 477 843 514 Iudaeis

106 550 168 592 esset,
184 558 253 583 verum
269 546 328 584 etiam
340 546 418 595 integra
430 545 528 595 appellari
540 551 609 595 posset
615 545 627 583 ¹.
645 547 673 583 At
684 557 731 583 uero
744 544 843 582 restitutio

105 613 202 663 pristinae
213 613 318 663 potestatis
329 625 368 650 non
380 613 443 651 solum
451 625 521 650 manea
530 619 573 650 erat
581 614 633 663 ipsa2
644 626 687 651 euni
696 626 709 650 a
719 611 783 650 Medis
793 624 843 650 senr-

106 693 141 730 per
158 680 267 719 cavendum
282 687 343 728 esset,
363 693 432 718 reruni
448 680 506 718 etiam
521 680 583 718 robur
598 681 729 731 Assyriorum
750 685 769 718 et
789 680 845 718 nervi

106 749 175 785 ultimo
191 748 235 785 ioco
252 747 324 785 intensi
335 747 397 786 fuisse
407 747 509 794 videntur,
526 752 633 797 antequam
649 754 768 786 corruerent.
791 746 845 785 Nam

107 816 141 866 qui
157 815 332 854 Assarhaddonem
348 816 450 865 regnaudo
466 820 585 865 exceperunt
601 816 625 853 ab
643 829 660 854 a.
674 828 690 853 o.
707 818 750 863 668,
769 816 804 853 sub
820 815 845 853 iis

107 895 184 921 cessare
200 883 239 921 situ
251 883 441 932 coepitimperimn,
462 882 534 930 donec,
553 883 642 921 moribus
661 883 725 933 magis
742 883 846 932 magisque

107 951 221 1000 depravatis
236 950 351 1000 viribusque
367 949 480 997 exhaustis,
498 950 607 989 coniunctis
619 950 721 988 Medorum
734 955 794 1001 atque
805 950 845 987 Ba-

106 1018 233 1068 byloniorunr
250 1018 311 1067 copiis
328 1019 482 1055 succumberent.
498 1018 574 1055 Earum
591 1023 656 1056 antem
671 1031 736 1056 rerum
751 1018 846 1056 memoria

106 1086 131 1122 ad
149 1093 239 1123 euentum
257 1084 343 1123 vaticinii
357 1085 453 1135 pertinet,
474 1089 534 1136 atque
554 1085 603 1125 adeo
624 1086 692 1135 paullo
711 1091 758 1135 post
777 1085 845 1135 paucis

106 1153 143 1191 erit
155 1153 289 1191 describenda.

106 1330 184 1361 hiisrairn
197 1329 231 1361 and
244 1328 309 1369 Cush‚“
324 1328 353 1361 cfr.
360 1327 425 1361 Athen.
434 1327 528 1368 1853‚Nu.
538 1329 581 1360 1321
594 1339 611 1370 p.
621 1329 653 1360 *228
666 1328 723 1369 (Febr.
733 1328 760 1369 19)
766 1342 770 1369 3
784 1338 846 1368 verum,

106 1385 146 1417 licet
161 1395 182 1416 ea
193 1385 245 1417 lectio
257 1386 388 1427 comprobetur,
403 1386 462 1416 nescio
478 1389 536 1416 tamen
551 1393 573 1416 an
589 1394 621 1416 rex
635 1386 707 1417 nimium
723 1385 755 1417 sibi
767 1385 847 1417 iactando

106 1452 195 1484 arrogasse
207 1442 293 1484 putandus
306 1443 337 1482 sit,
353 1452 392 1474 enm
406 1442 452 1473 forte
469 1441 544 1482 aliquam
559 1440 580 1471 de
592 1443 683 1484 Aegyptiis
696 1443 785 1474 uictoriam
802 1452 847 1474 asse-

106 1503 154 1530 cutus
162 1499 227 1530 fuisset.
251 1498 342 1540 Utcunque
351 1503 385 1539 est,
397 1498 496 1530 Thebarum
506 1498 610 1539 expugnatio
619 1498 666 1530 nulio
675 1498 727 1531 modo
736 1497 775 1530 ideo
784 1499 847 1530 Assar-

106 1556 183 1588 heddoni
195 1556 247 1587 tribui
259 1559 320 1597 potest.
334 1555 363 1586 cfr.
376 1555 422 1587 infra
434 1564 450 1596 p.
460 1555 498 1585 100.

139 1612 156 1653 1)
169 1612 203 1645 Cfr⁴
215 1611 262 1644 Nah.
274 1611 292 1651 Ι,
306 1612 333 1643 12.
348 1610 375 1650 Π,
389 1611 416 1642 12,
429 1611 456 1642 13.
471 1609 508 1650 111,
521 1611 600 1642 15-17,
616 1611 654 1642 coll.
667 1620 706 1653 pag.
715 1612 761 1643 XVI
769 1622 800 1654 ss..
815 1612 845 1644 Se-

105 1669 179 1702 cundum
194 1672 344 1700 monumentorum
359 1667 423 1699 indicia
437 1666 497 1698 Ratun
513 1676 572 1709 regern
588 1677 656 1699 onmem
671 1673 756 1700 terrarum
774 1672 846 1699 tractum
901 1689 903 1692 v

105 1729 149 1759 inter
168 1726 225 1758 sinum
239 1724 327 1757 Persicum
344 1728 361 1756 et
379 1733 426 1755 mare
442 1723 524 1765 Caspium
543 1728 560 1755 et
574 1723 721 1757 Mediterraneum
738 1726 846 1757 interiectum

105 1785 180 1816 tenuisse
192 1786 285 1814 asseverat.
302 1781 382 1814 Ceterum
394 1790 429 1811 non
440 1780 483 1811 satis
494 1780 558 1812 multae
571 1780 627 1812 adbuc
637 1781 756 1824 inscriptiones
768 1785 846 1823 repertae

105 1846 154 1880 sunt,
172 1848 216 1881 quae
228 1838 249 1870 de
261 1839 312 1870 rebus
328 1839 349 1870 ab
366 1848 386 1870 eo
402 1839 454 1879 gestis
470 1841 532 1879 agant,
548 1837 598 1869 sicuti
613 1837 635 1868 de
646 1837 728 1870 Manasse
739 1837 846 1879 Babylonem

105 1897 178 1929 abducto
191 1895 234 1927 nihil
247 1895 332 1935 hueusque
344 1896 433 1927 inuentum
446 1897 476 1925 est.
500 1892 530 1924 Ad
545 1892 622 1925 indolem
637 1898 695 1926 autem
707 1894 847 1926 Assarhaddonis

105 1952 242 1996 perspiciendam
253 1952 306 1983 refert
318 1950 365 1990 qrrod
376 1950 442 1992 palatia
452 1952 521 1982 vetusta
528 1948 652 1981 Nimrudensia
663 1950 756 1991 destruxit,
769 1956 786 1982 et
798 1950 847 1983 tabu·

105 2011 127 2042 lis
143 2009 238 2049 statuisque
253 2007 293 2039 inde
309 2007 367 2048 petitis
383 2016 423 2038 usus
440 2010 465 2038 est
481 2006 504 2037 ad
520 2006 638 2038 exornandam
653 2008 727 2048 regiam,
744 2016 794 2047 qrram
811 2008 847 2048 ipse

105 2065 190 2099 Nimrude
202 2063 292 2096 meridiem
305 2066 322 2094 et
334 2063 440 2095 occidentem
451 2072 510 2095 uersus
519 2062 619 2095 aedificarit.
632 2063 662 2095 ch.
670 2063 730 2096 Rana
738 2062 783 2096 Outt
792 2074 802 2105 p
810 2064 846 2096 XL.
