1889 3264
384 176 473 223 01011,
486 189 505 214 v.
515 178 532 213 3.
799 172 829 216 55

88 304 179 344 Ceterum
196 307 286 352 respecta
301 315 314 340 a
329 306 375 339 vate
390 305 436 340 sunt
451 299 528 337 Iesaiae
544 299 605 338 verba
619 298 668 349 LII,
685 304 705 338 S:
725 299 830 348 „iubilant

87 384 134 410 nam
146 370 203 408 oculo
215 371 236 407 in
248 366 326 408 oculum
338 369 406 408 uident
417 366 526 410 Dominum
539 372 668 405 revertentem
680 368 706 406 ad
717 368 767 405 Zion
772 370 798 415 ;“
810 367 831 405 id
851 377 860 395 ἰ
880 413 882 416 Ι

88 438 142 489 quod
153 450 193 476 non
205 436 334 487 negabimus,
350 436 409 473 modo
421 433 507 484 primum
518 434 582 472 nostri
600 435 671 484 capitis
683 447 763 473 versum
780 434 831 473 indi·
859 472 866 476 .

88 507 131 543 dem
143 505 248 555 repetitum
263 517 307 543 esse
321 502 439 541 recolamus.

63 609 79 628 a
120 572 245 622 Pergendum
260 576 326 609 autem
342 571 367 608 ad
380 582 423 607 eam
436 568 571 620 quaestionem
589 574 628 616 est,
646 568 739 619 quidnam
755 574 829 606 utrum-

89 653 127 690 que
138 639 177 678 sibi
188 651 260 676 nomen
272 637 330 684 velit,
345 637 406 675 Iacob
419 642 438 674 et
450 636 523 684 Israel3
539 640 625 686 possunt
641 641 676 673 aut
687 635 776 683 diversa,
796 642 831 674 aut

38 733 40 736 -
88 706 140 744 idem
152 705 268 755 significare.
287 704 306 755 1)
318 704 349 742 De
360 709 447 755 utroque
458 716 519 754 regno
532 704 582 751 dici,
595 703 677 742 Iudaico
689 708 709 740 et
716 702 830 753 Ephraimi-

89 773 139 820 ticc,
158 773 275 821 interpretes
293 772 353 821 longe
369 771 449 821 plurimi
462 775 579 810 statuerunt.
604 770 677 821 Neque
692 783 740 808 vero
756 770 830 809 infitias

90 851 168 886 eamus,
185 843 270 889 utroque
283 838 381 888 primaevi
392 839 456 888 patris
468 839 558 885 nomine,
574 838 621 875 licet
632 838 656 875 de
667 837 761 876 universa
772 843 831 887 gente

88 905 170 955 proprie
184 905 262 953 ualeat,
282 918 343 955 posse
358 905 441 943 alteram
457 905 593 943 tantummodo
614 910 692 955 partem
709 904 819 954 nuncupari
825 919 830 951 3

89 972 149 1023 idque
161 984 184 1010 00
196 972 219 1010 fit
229 972 317 1020 facilins,
334 973 388 1023 qnod
399 972 502 1010 ludaicum
516 984 598 1022 regnum
613 971 692 1022 ingenio
711 976 731 1009 et
742 972 831 1009 moribus

89 1045 109 1077 et
124 1039 190 1089 regiae
207 1039 296 1078 familiae
310 1039 385 1090 pietate
403 1040 430 1078 ad
450 1039 600 1078 universitatem
617 1039 688 1089 populi
707 1039 831 1077 referenda-m

88 1107 172 1157 propius
183 1107 276 1156 accessit,
288 1120 369 1146 numero
382 1113 448 1146 antem
460 1112 479 1146 et
488 1107 604 1146 extensione
609 1107 775 1157 Ephraimiticum
783 1106 828 1157 (cfr.

90 1175 148 1213 Mich.
157 1174 178 1223 I,
188 1174 217 1226 5);
230 1176 265 1213 rix
277 1181 342 1214 autem
354 1176 406 1215 ullus
417 1175 529 1215 inveniatur
539 1176 607 1223 locns,
619 1174 721 1214 ubilacob
731 1180 751 1213 et
759 1174 829 1222 Israel,

89 1242 144 1280 nulla
155 1242 198 1280 alia
208 1243 319 1281 declarante
330 1249 388 1291 nota,
400 1243 441 1281 tale
453 1243 502 1294 qnid
513 1243 625 1292 significare
633 1242 744 1281 videantur.
760 1242 830 1292 Longe

89 1310 141 1347 enim
153 1309 193 1348 alia
203 1310 255 1348 ratio
268 1311 405 1361 exemplorum
417 1318 447 1349 est
458 1309 623 1356 velutiObadiae
635 1312 690 1348 017.
704 1311 736 1359 18,
748 1309 782 1348 ubi
795 1310 830 1348 do·

89 1377 130 1415 mui
141 1377 210 1416 Iacchi
223 1378 331 1428 opponitur
338 1379 420 1428 Iosephi
431 1379 508 1416 domus.
525 1378 558 1415 Ac
567 1377 615 1416 licet
625 1377 728 1427 ingeniose
736 1377 830 1415 1100000-

90 1455 135 1483 'nes
147 1450 252 1496 utrumque
267 1458 339 1483 nomen
354 1451 424 1484 nostro
439 1446 484 1483 loco
500 1445 545 1482 ideo
562 1444 651 1495 positum
666 1457 709 1483 esse
721 1449 828 1492 asseveret,

91 1525 142 1560 „um
163 1512 199 1550 mit
222 1512 294 1551 diesem
316 1513 432 1563 getheilten,
456 1512 504 1551 aber
524 1513 575 1551 doch
598 1512 736 1563 urspriinglich
760 1512 829 1551 einen

89 1579 242 1630 Doppelnamen
253 1580 290 1618 auf
300 1581 331 1617 die
343 1579 658 1619 wiederlrerzustellendeEinheit
669 1580 703 1618 des
714 1584 829 1629 getrennten

90 1646 167 1684 Volkes
178 1647 336 1685 hinzudeuten:“
349 1652 415 1685 tamen
426 1647 559 1685 restituendae
571 1647 674 1698 utriusque
682 1647 739 1698 regni
747 1647 828 1685 unitatis

91 1719 111 1751 et
122 1713 191 1752 salutis
203 1714 307 1764 cogitatio,
320 1720 368 1752 nota
379 1714 415 1751 illa
427 1715 506 1765 qnidem
518 1720 538 1752 et
549 1714 655 1764 explorata
667 1714 771 1764 prophetis
783 1714 813 1764 (cl
824 1743 828 1752 .

91 1780 174 1819 collecta
185 1781 263 1832 aliquot
273 1781 366 1831 exempla
377 1795 389 1819 a
401 1781 505 1820 Gnsrnmo
517 1784 586 1819 comm.
598 1781 620 1819 in
632 1781 732 1820 Obadiam
746 1794 766 1831 p.
779 1782 829 1832 127),

92 1862 104 1885 a
115 1847 208 1886 Nahumo
220 1848 279 1898 longe
290 1849 357 1896 abest,
374 1848 448 1899 quippe
463 1849 497 1900 qni
511 1861 548 1898 per
564 1852 642 1887 omnem
658 1848 748 1886 libellum
765 1848 829 1887 solnm

92 1915 185 1965 respiciat
200 1915 280 1963 Iudam,
298 1929 334 1954 nec
350 1915 444 1954 Israelem
459 1929 484 1953 ne
499 1916 643 1966 praetereundo
659 1916 739 1967 quidem
753 1921 829 1966 tangat.

92 1983 112 2033 2)
126 1983 260 2021 Praeferenda
274 1983 335 2034 igitur
351 1983 491 2021 nonnullorum
506 1983 642 2033 interpretatio
658 1984 705 2031 erit,
726 1984 760 2034 qni
777 1983 830 2021 idem

92 2056 161 2089 notare
169 2051 265 2089 iacobum
274 2057 293 2089 et
301 2051 396 2090 Israelem
406 2056 495 2099 censent,
506 2049 603 2099 Ormeni,
612 2051 720 2099 Lernam,
728 2050 830 2099 Vcrnnm,

92 2117 179 2166 Bnnrnr,
191 2129 219 2156 00
230 2118 298 2167 Drnu,
311 2118 401 2167 Gnnvn,
414 2118 556 2166 800000000ος
568 2119 604 2157 cfr.
616 2119 650 2158 Ps.
662 2118 784 2167 LXXVHI,
792 2122 817 2157 ,21
824 2134 830 2167 ς

92 2198 156 2237 neque
170 2198 218 2223 uero
233 2198 299 2225 merus
313 2186 441 2236 pleonasmus
457 2192 497 2234 est3
514 2187 554 2224 imo
571 2186 685 2234 discrimen,
702 2187 756 2237 quod
770 2188 830 2225 inter-

93 2253 154 2301 cedit,
166 2254 216 2291 bene
226 2254 330 2303 perspexit
342 2252 456 2292 Ornircus:
472 2246 545 2292 iocedv
560 2248 594 2301 δὲ,
611 2246 646 2293 ὅτι
660 2249 686 2293 τὸ
700 2248 740 2304 μὲν
751 2246 831 2304 Ἰακώβ

94 2310 164 2372 ὄνομα
178 2312 222 2360 dari
236 2317 280 2359 τῶν
295 2315 398 2375 πατέρων
416 2316 484 2375 tre'aq
502 2319 535 2374 aqi
550 2314 636 2374 Ἰακὼβ,
656 2316 681 2360 τὸ
702 2316 726 2360 δὲ
740 2312 831 2375 Ἰσραὴλ

93 2380 138 2427 'viad
157 2385 198 2427 rot
212 2385 281 2435 aaut,
302 2379 435 2442 ἀμφοτέρων
452 2383 477 2428 δὲ
491 2386 535 2427 τῶν
553 2381 667 2440 ὀνομάτων
685 2383 800 2438 psittaci
818 2381 830 2427 ὁ

93 2449 118 2502 ἐξ
128 2446 208 2506 Ἰακὼβ
222 2447 276 2503 λαός
280 2469 287 2504 ‚·
302 2455 406 2495 Bnnnrns:
419 2456 580 2507 „lllagnificentia
590 2456 681 2504 Israelis,
694 2456 832 2496 00010ον100ὓ

93 2522 147 2561 nitus
164 2522 222 2571 dato,
239 2523 302 2561 maior
318 2529 349 2562 est
363 2537 423 2575 quam
438 2524 585 2574 magnificentia
599 2524 678 2572 iacobi,
695 2525 796 2563 ordinaria
811 2530 831 2562 et

94 2589 152 2640 qnasi
163 2580 282 2629 naturalis.“
303 2591 360 2629 Haec
374 2582 435 2642 igitur
450 2593 556 2630 verborum
567 2592 665 2631 sententia
677 2598 715 2631 est:
731 2591 831 2630 Dominus

94 2656 199 2695 revertitur
211 2658 237 2695 ad
248 2658 307 2697 decus
319 2659 399 2707 Iacobi,
417 2660 452 2698 sed
463 2660 492 2697 ita
502 2659 617 2708 revertitur,
635 2665 656 2698 ut
667 2665 764 2710 appareat
774 2659 831 2698 Iaco-

94 2726 142 2762 laum
151 2737 194 2763 esse
202 2725 306 2773 Israelem,
320 2740 405 2777 quocum
413 2728 483 2766 foedus
492 2727 538 2766 lecit
546 2726 746 2774 sanctissimunr,cui
755 2740 831 2766 summa

95 2805 185 2843 quaeque
196 2792 298 2843 promisit,
320 2807 389 2844 quem,
408 2796 454 2834 litet
471 2795 598 2845 castigaverit
613 2787 739 2845 peccatorum
753 2807 831 2842 caussa,

96 2867 161 2899 tamen
174 2861 305 2911 omnipotenti
316 2875 376 2901 mann
387 2863 492 2903 ulciscitur
509 2863 584 2903 Eadem
596 2863 637 2902 lere
648 2863 756 2913 particulae
770 2873 783 2902 :t
795 2875 831 2912 po-
