1889 3264
399 151 447 192 Can.
457 152 487 200 ll,
500 165 519 191 v.
529 156 545 191 1.
812 148 844 194 47

102 278 241 329 prehendatur.
260 278 354 318 Delibata
366 266 432 316 autem
444 276 492 313 haec
504 276 565 314 verba
576 287 620 315 esse
632 289 643 314 e
654 275 692 314 les.
699 273 744 324 LII,
754 279 772 324 7,
785 288 847 326 supra

102 347 142 385 iam
154 345 252 395 diximus3
263 348 292 385 ibi
304 347 353 385 haec
364 346 406 383 fere
417 344 511 393 legimus:
524 356 598 394 „quam
610 343 688 394 pulchri
699 350 745 383 sunt
756 345 777 383 in
789 357 846 382 mon-

102 414 156 453 tibus
167 415 227 464 pedes
239 414 312 461 nuntii,
328 411 463 464 praedicantis
474 424 555 462 pacem,
571 411 681 450 nuntiantis
692 411 775 460 bonum,
787 426 846 463 prae-

103 482 188 521 dicantis
200 482 295 529 salutem,
308 480 392 519 dicentis
402 479 470 517 Zioni:
482 484 553 530 regnat
564 479 612 518 deus
624 480 693 517 turst‘
718 479 775 528 Quae
784 482 846 519 verba

102 550 201 601 integram
216 549 321 588 conficiunt
337 547 456 599 particulam
466 547 583 598 magnificae
597 546 651 585 illius
663 546 758 586 orationis
769 561 785 586 c.
797 548 845 587 LI—

103 618 151 666 Lll,
164 621 195 665 12,
214 630 254 669 qua
266 617 380 666 depressum
392 628 428 666 per
443 614 516 654 iudicia
527 615 624 665 popidnm
635 619 692 653 rates
702 616 803 665 promissa
814 629 846 655 sa-

103 685 144 723 lute
161 690 180 723 et
191 685 268 723 laetitia
284 684 348 735 erigit.
377 683 438 724 Cuius
454 682 594 734 promissionis
609 682 727 721 certitudine
742 696 779 734 per
793 697 846 723 com-

104 752 267 790 memorationem
279 752 434 803 omnipotentiae
446 751 526 790 divinae
537 759 557 790 et
564 751 649 790 Messiae
658 750 749 789 mittendi
758 753 847 791 stabilita

105 820 133 870 (v.
144 821 220 872 1-16),
237 819 376 871 praesagiente
391 821 457 858 animo
469 820 547 858 tristem
564 823 584 857 et
595 818 710 869 captivitate
721 819 848 871 Babylonica

105 887 201 925 deiectam
215 887 310 927 Israelem
325 888 434 940 alloquitur
452 900 472 926 v.
487 890 508 925 17
520 900 557 926 ss:
581 887 651 925 deletis
665 886 768 935 hostibus,
789 888 847 927 sicuti

105 954 212 1006 Aegyptiis
225 961 245 993 et
255 956 357 1007 Assyriis,
369 957 399 994 ita
409 955 454 995 istis
466 968 546 1007 quoque
558 960 577 993 et
592 954 684 993 omnibus
697 955 776 994 omnino
787 956 847 994 liber-

104 1028 166 1061 tatem
184 1023 210 1062 iis
229 1029 248 1062 et
262 1023 405 1063 beatitudinem
420 1023 467 1061 olim
483 1022 594 1070 conciliari;
614 1028 711 1073 properat
731 1023 801 1062 deinde
821 1024 848 1063 ad

103 1090 221 1130 faustissimi
231 1092 290 1131 huius
304 1092 343 1130 dici
354 1091 494 1142 cogitationem
506 1090 556 1138 LII,
568 1104 587 1129 v,
597 1093 618 1128 6:
641 1090 704 1139 „ideo
719 1091 755 1129 illa
767 1091 799 1130 die
814 1104 847 1130 co-

104 1164 187 1208 gnoscet
202 1171 251 1209 gens
267 1173 312 1198 mea
327 1172 399 1198 nomen
416 1172 492 1208 meum,
507 1158 553 1200 ideo
568 1158 604 1196 illa
616 1158 658 1207 die,
675 1170 712 1209 ego
728 1159 780 1198 enim
796 1172 846 1208 sum,

105 1227 140 1277 qui
150 1226 250 1277 loquitur,
266 1241 289 1266 en
301 1229 362 1266 me!“
392 1227 471 1277 Quibus
482 1227 566 1265 vocibus
582 1239 626 1264 cum
638 1232 707 1277 aperte
717 1234 849 1277 praeparetur

105 1294 183 1332 notatio
196 1308 263 1333 earum
274 1308 351 1344 rerum,
367 1295 440 1347 quibus
452 1294 551 1346 cognituri
562 1295 601 1332 sint
612 1306 684 1332 nomen
696 1295 727 1333 dei
739 1308 774 1333 seu
785 1295 849 1333 mani-

104 1362 240 1412 festationem,
253 1363 357 1402 confestim
369 1363 469 1414 sequitur:
482 1362 563 1411 „Quam
574 1361 652 1411 pulchri
660 1367 706 1400 sunt
717 1362 848 1402 inruentibus

104 1430 165 1480 pedes
173 1432 186 1451 “
204 1436 239 1469 etc.
273 1431 395 1469 Exclamant
414 1430 485 1469 deinde
500 1436 520 1469 et
539 1429 625 1468 iubilant
640 1430 733 1469 custodes
754 1430 813 1470 simul
829 1437 849 1469 et

105 1497 183 1536 incolae
195 1498 259 1547 urbis,
276 1499 418 1537 redemtionem
430 1511 488 1538 suam
498 1498 636 1549 praedicantes
647 1511 667 1536 v.
676 1500 687 1535 S
695 1510 722 1537 ss.
751 1498 849 1537 Videmus

106 1576 153 1616 ergo
165 1579 184 1603 v.
193 1569 244 1602 qmum
255 1567 373 1605 necessitate
388 1566 457 1618 aliqua
472 1572 492 1604 et
506 1577 614 1616 progressu
626 1566 722 1603 contineri
737 1578 781 1604 cum
793 1572 848 1604 ante-

106 1633 219 1672 cedentibus
235 1639 255 1671 et
270 1634 408 1685 sequentibus3
425 1647 449 1672 ac
465 1634 483 1673 si
494 1633 614 1672 conferimus
626 1632 751 1681 Nahumum,
769 1646 848 1673 enexu

106 1701 201 1739 solutiore
212 1701 271 1739 facile
282 1701 408 1757 intelligitur,
425 1701 501 1740 fontem
512 1714 556 1740 esse
567 1701 663 1749 lesaiam,
675 1701 728 1739 unde
739 1702 802 1740 rerba
813 1702 849 1739 illa

105 1768 221 1816 deduxerit3
232 1782 279 1808 nam
288 1776 308 1807 et
316 1761 387 1808 recitat
409 1769 489 1809 brevius
498 1774 551 1816 sunt,
564 1774 584 1807 ct
595 1769 714 1808 arctioribus
726 1769 848 1808 circumscri-

105 1841 152 1886 ptus
166 1837 238 1876 finibus
254 1837 297 1888 ipse
313 1838 372 1875 etiam
380 1782 460 1885 {Qus
475 1838 560 1876 ridetur.
588 1837 664 1876 lesaias
683 1837 735 1875 enim
752 1850 849 1885 „omnem

105 1904 167 1942 futuri
182 1905 277 1954 temporis
296 1906 379 1944 salutem
395 1918 436 1943 una
451 1905 509 1956 quasi
525 1904 591 1955 specie
606 1904 765 1955 comprehendit,
781 1905 811 1943 ita
826 1912 849 1944 ut

105 1971 230 2011 strictissimo
243 1986 303 2013 sensu
314 1974 396 2012 effatum
408 1973 473 2023 possit
483 1972 583 2011 nominari
594 1971 726 2020 Messianum,
740 1973 775 2010 cfr.
787 1972 847 2011 Rom.

104 2039 136 2088 X,
150 2043 171 2078 15
175 2055 181 2088 3
197 2042 249 2078 unde
265 2047 331 2080 tamen
343 2047 424 2080 eventus
439 2047 462 2080 ut
477 2041 506 2079 ita
517 2041 582 2080 dicam
599 2040 676 2090 praevii
687 2053 728 2078 non
740 2040 848 2079 excludun-

42 2141 45 2155 ,
104 2112 146 2156 tur,
165 2107 242 2159 qualem
257 2108 363 2148 Nahumus
379 2108 463 2148 Ninives
480 2109 561 2147 interitu
576 2113 668 2158 paratum
683 2108 708 2145 iri
723 2108 848 2147 intuetur-1.“

103 2175 171 2226 Atque
187 2175 236 2214 haec
253 2177 333 2227 quidem
353 2178 405 2215 ratio
423 2177 534 2227 praemissa
549 2176 622 2220 irocula
640 2187 680 2214 uari
700 2176 849 2227 quodammodo

103 2242 230 2294 indigitatur,
243 2258 294 2295 quae
305 2245 416 2295 promissos
429 2245 477 2283 olim
488 2245 568 2283 nuntios
580 2244 651 2282 adesse
660 2243 717 2294 quasi
726 2245 746 2281 in
755 2249 848 2294 promptu

105 2311 198 2349 ostendit.
227 2313 256 2349 At
271 2312 461 2361 ver0H1rzm1us2,
479 2318 611 2363 posteaquam
622 2310 733 2350 Hunnius³
748 2313 849 2362 quondam

105 2378 213 2427 dubitavit,
234 2385 300 2418 utrum
318 2386 410 2419 nostrum
430 2394 456 2419 an
470 2380 547 2419 lesaiae
566 2380 681 2419 vaticinium
698 2379 754 2429 prius
776 2380 849 2418 editum

105 2453 169 2494 esset,
181 2448 227 2485 ideo
239 2448 357 2498 praesertim
365 2448 462 2497 Iesaiarn,
475 2448 507 2487 rel
518 2449 585 2499 potius
597 2447 687 2486 fictitiam
695 2447 751 2486 illam
760 2448 850 2486 Pseudo-

104 2513 181 2553 lesaiae
197 2517 282 2564 speciem
298 2513 388 2556 hausisse
401 2531 412 2555 e
423 2515 517 2555 Nahumo
534 2516 573 2555 sibi
588 2516 698 2567 persuasit,
715 2516 762 2566 quia
779 2528 850 2566 parum

140 2700 157 2740 1)
168 2699 241 2732 llunrnn
256 2700 338 2733 Ieremias
353 2702 371 2733 ll.
387 2711 410 2734 ss.
428 2702 513 2745 interpres
531 2706 583 2745 atque
598 2701 662 2734 vindex
680 2711 718 2745 pag.
729 2703 762 2735 140
771 2712 803 2742 ss‚;
820 2702 850 2734 alr.

105 2756 191 2789 Imnsm
203 2766 219 2798 p.
228 2758 267 2790 257.

140 2814 158 2854 2)
169 2813 236 2847 Comm.
247 2814 266 2845 in
278 2813 312 2845 Ies
324 2824 341 2855 p.
349 2815 388 2846 471.

140 2871 157 2911 3)
169 2871 269 2904 Demonstr.
281 2870 347 2913 Evang.
359 2870 431 2914 Propos.
440 2871 473 2913 IV,
486 2883 502 2915 p.
509 2872 549 2905 303.
