1889 3264
162 147 229 175 xxnrr
399 135 563 172 Proriuoonuna.
582 132 667 171 Caeli.

596 204 603 221 1

165 259 250 313 quodam
263 256 367 308 Persepoli
379 272 391 296 a
402 255 525 297 Nreuuuaro
541 256 641 307 descripto
659 257 738 307 saepius
755 258 849 308 repetitas
865 257 905 296 for-

165 329 239 376 mulas,
256 326 328 378 quibus
345 326 370 363 de
385 326 465 377 regibus
478 326 516 364 dici
528 327 641 373 ridebatur,
659 329 751 362 accurate
763 325 814 363 inter
826 339 847 364 se
859 338 906 363 con-

165 395 239 441 tendit,
252 399 272 431 et
282 393 371 442 persicas
382 406 442 431 voces
454 399 473 430 et
484 394 572 440 nomina,
585 406 597 430 a
608 391 708 430 veteribus
721 391 812 439 traditan
824 392 849 430 iis
859 393 906 430 ada-

164 467 222 514 ptare
237 467 332 509 conatus,
353 461 450 500 Zendicae
466 466 485 499 et
501 460 614 501 Sanscritae
634 460 757 510 aliarumque
777 460 906 499 dialectorum

165 531 241 570 auxilio
258 530 357 578 adhibito,
381 542 425 567 eum
442 529 508 567 elicuit
524 542 613 576 sensum,
635 530 668 578 qui
689 532 759 577 postea
776 527 907 576 amplioribus

165 598 282 647 disciplinae
297 596 391 635 subsidiis
408 595 511 644 splendide
527 597 654 633 confirmatus
670 600 706 633 est.
726 593 838 644 Descriptis
854 594 906 631 enim

166 665 300 716 compluribus
317 663 421 714 paullatim
437 663 534 702 eiusmodi
550 663 624 702 tabulis
639 663 773 702 Bunnourrus
789 675 868 713 quoquc
888 668 907 700 et

166 736 272 773 Bnnrmus
284 737 304 769 et
315 737 394 781 praeter
406 735 481 769 ceteros
493 730 608 770 Lnssnnrus
619 743 717 781 prospero
730 732 794 780 gavisi
806 736 875 768 eventu
886 730 908 766 in

166 803 204 838 hoc
215 811 287 849 genere
298 798 432 836 elaborarunt.
450 797 543 836 Summae
555 803 620 835 autern
631 797 701 835 laudes
712 797 861 835 Rawnrnsonro
875 797 907 834 de-

166 869 248 915 bentur,
261 866 295 918 qui
306 865 498 916 praestantissimam
510 865 659 916 inscriptionem
670 864 844 913 Behsstunensem,
858 878 908 916 quac

167 936 322 987 quadringentas
331 934 394 972 lineas
403 933 546 982 complectitur,
555 935 612 983 gravi
620 933 689 971 labore
698 933 803 982 descripsit
815 939 834 970 et
842 932 908 970 Persi-

168 1016 212 1041 cum
230 1001 333 1039 titulorum
349 1012 411 1049 genus
425 1001 455 1036 ita
470 1000 575 1049 paullatim
592 999 733 1049 interpretatus
755 999 808 1048 esd,
829 1005 851 1037 ut
869 1012 908 1036 non

168 1070 251 1108 multum
263 1069 303 1106 iam
315 1068 339 1106 de
351 1081 373 1106 eo
387 1067 486 1105 dubitetur
492 1065 504 1105 ².
522 1067 591 1106 Primo
608 1068 668 1118 igitur
685 1080 756 1117 genere
768 1068 870 1106 enucleato
883 1067 908 1105 ad

168 1139 253 1176 alterum
263 1136 392 1186 tertiumque,
405 1135 503 1173 bledicunr
516 1136 559 1173 dico
572 1141 592 1173 et
600 1136 715 1184 Assyrium,
729 1136 822 1172 accedere
830 1136 908 1173 licebat.

169 1206 237 1254 Atque
247 1209 270 1240 ut
282 1203 387 1240 alterum
400 1202 466 1240 statim
479 1202 616 1249 absolvamus,
631 1214 670 1239 non
682 1201 766 1239 multum
778 1202 842 1239 adhuc
852 1201 874 1238 in
886 1213 909 1239 eo

170 1272 298 1310 elaborarunt
309 1284 340 1308 vv.
353 1270 385 1307 dd.
393 1268 409 1316 ³3
426 1269 486 1321 quid?
505 1270 558 1320 quod
570 1285 595 1309 ne
606 1270 631 1308 de
642 1269 722 1307 nomine
735 1269 814 1320 quidem
825 1270 877 1308 inter
889 1283 910 1308 se

170 1338 303 1385 consentiunt,
324 1339 358 1388 qui
376 1350 432 1375 suam
448 1337 466 1374 ei
480 1338 596 1386 impendunt
611 1351 704 1386 operam,
727 1338 761 1375 sed
777 1338 848 1375 Medici
869 1337 910 1375 sire

170 1405 257 1455 Scythici
270 1405 346 1454 generis
359 1404 492 1453 appellatione
504 1411 593 1451 utuntur,
611 1405 672 1442 donec
689 1409 761 1442 natura
777 1404 818 1443 eius
837 1403 910 1442 certius

170 1473 288 1511 definiretur.
315 1472 397 1510 Laetior
416 1472 476 1522 longe
496 1478 556 1523 atque
576 1473 652 1510 felicior
673 1485 734 1521 opera
754 1473 775 1510 in
793 1473 908 1523 indagando

169 1540 281 1590 Assyrio
294 1553 309 1578 s.
323 1541 401 1578 tertio
414 1553 485 1589 genere
497 1541 585 1587 exstitit,
604 1540 721 1589 praesertim
738 1552 763 1577 ex
776 1553 815 1590 quo
828 1541 909 1589 amplis-

170 1609 220 1646 sima
232 1607 273 1644 cius
286 1606 378 1655 exempla
389 1607 409 1643 in
420 1607 470 1655 ipsis
479 1606 528 1643 Nini
539 1607 602 1645 ruinis
610 1612 689 1656 reperta
698 1611 749 1644 sunt.
768 1606 843 1648 Verum
850 1607 910 1657 longe

169 1674 280 1712 intricatior
292 1679 352 1724 atque
364 1674 464 1711 difficilior
476 1674 517 1712 eius
528 1675 666 1724 interpretatio
679 1679 719 1722 est,
737 1687 797 1724 quam
810 1675 854 1725 quis
867 1675 910 1725 opi-

171 1748 228 1780 netur
239 1742 302 1787 forte,
316 1754 369 1788 cum,
386 1742 451 1790 prima
463 1747 520 1790 parte
532 1742 643 1791 explicata,
660 1742 748 1790 reliquae
759 1743 813 1779 nullo
825 1744 867 1797 iere
878 1756 911 1779 ne-

171 1809 226 1858 gotio
239 1808 343 1845 videantur
357 1820 418 1856 posse
429 1814 508 1857 patere,
525 1821 569 1845 curn
584 1809 652 1846 eadem
668 1808 749 1846 nomina
766 1814 786 1846 et
803 1809 911 1848 sententias

171 1876 210 1913 alia
221 1875 289 1925 lingua
304 1881 388 1913 exarata
403 1875 521 1924 exhibeant;
537 1890 584 1914 nam
600 1890 643 1914 cum
654 1876 737 1915 Persica
753 1883 847 1916 cuneatae
864 1878 912 1916 scri-

170 1943 245 1993 ptionis
258 1944 334 1992 species
346 1944 478 1993 quadraginta
490 1944 531 1982 fere
547 1945 609 1993 siguis
627 1951 715 1991 constet,
732 1944 752 1981 in
763 1946 850 1994 Assyria
867 1945 912 1994 plus

171 2009 270 2048 sexcentis
285 2010 326 2046 iam
337 2011 418 2047 inventa
430 2017 484 2057 sunt,
503 2022 554 2059 quae
571 2011 635 2061 magis
650 2011 740 2049 minusve
754 2011 806 2049 inter
823 2025 845 2050 se
857 2012 912 2050 diffe-

171 2084 226 2124 runt3
244 2082 263 2114 et
278 2089 317 2126 quo
333 2077 400 2126 plures
416 2077 503 2115 studium
514 2091 571 2116 suurn
584 2092 705 2129 operamque
715 2078 737 2115 in
748 2078 800 2116 hanc
812 2080 912 2130 quaestio-

172 2157 216 2182 nem
234 2143 369 2192 contulerunt,
390 2158 413 2181 eo
434 2145 498 2195 inagis
516 2146 624 2184 sententiae
640 2158 708 2183 eornm
724 2152 743 2183 et
758 2147 846 2186 rationes
862 2149 913 2185 inter

172 2224 193 2249 se
214 2211 304 2249 diversae
325 2217 376 2249 sunt.
403 2210 457 2249 Nam
484 2212 508 2249 de
532 2219 603 2251 natura
621 2214 701 2264 linguae
721 2213 813 2263 plurimis
834 2216 912 2265 quidem

170 2280 223 2317 idem
234 2278 319 2329 placuit,
333 2280 386 2330 quod
399 2292 410 2316 e
421 2279 441 2318 ll.
455 2292 482 2318 ss.
494 2285 549 2330 patet
558 2280 618 2330 (Gen.
626 2282 658 2330 X,
669 2281 719 2332 10)4‚
732 2280 847 2321 Semiticarn
859 2296 912 2329 esse3

207 2440 224 2479 1)
236 2440 272 2473 Cir.
284 2440 357 2473 Journal
369 2442 388 2474 of
398 2442 427 2474 the
439 2442 496 2484 Royal
508 2444 575 2476 Asiatic
587 2444 656 2485 Society
668 2444 703 2477 rol.
714 2445 747 2477 XI.
760 2446 788 2477 all.

206 2496 223 2537 2>
236 2496 272 2529 Cir.
280 2496 379 2529 Zeitsclrriit
391 2499 421 2530 der
429 2499 522 2531 deutschen
530 2500 703 2542 morgenliindisehen
711 2501 835 2544 Gcsellschaft,
847 2504 880 2535 rol.
890 2504 912 2543 V,

172 2555 225 2594 1851‚
237 2563 255 2593 p.
265 2554 305 2585 447.

152 2617 154 2619 ’
205 2610 222 2650 3)
234 2611 290 2643 Varia
300 2620 328 2643 rr.
341 2611 369 2643 dd.
385 2612 403 2643 in
418 2612 451 2644 hcc
465 2622 528 2653 genere
543 2614 600 2646 studia
616 2616 701 2648 recensuit
712 2616 813 2650 Hotrznnmr
828 2618 871 2649 iiber
886 2617 914 2649 <lie

172 2668 233 2699 arveite
246 2668 279 2699 Art
296 2667 326 2700 der
341 2669 519 2702 Achaemenidisclreu
534 2669 634 2703 Keilsehntt
650 2672 738 2713 (Zeitscbr.
754 2673 785 2705 cler
797 2674 913 2715 emergent

173 2723 267 2756 Gesellsch.
276 2724 298 2756 V.
307 2734 324 2773 p.
334 2726 441 2767 itt-151),
451 2727 498 2759 brevi
505 2731 596 2768 conspectu
602 2730 703 2769 perstrinxit
710 2730 798 2762 Rorurcrn
804 2731 845 2762 ibid.
852 2731 913 2770 pail),

205 2782 222 2821 4)
235 2780 285 2819 Quod
292 2783 374 2823 Assyrius
387 2794 443 2816 sermo
456 2794 467 2815 a
478 2783 548 2816 iudaeis
560 2795 595 2817 non
607 2786 735 2828 intelligebatur
747 2787 780 2819 les.
787 2786 878 2826 XXVIII,
886 2789 913 2818 11,

170 2836 261 2877 XXXIII,
274 2840 294 2879 9,
307 2848 341 2870 non
354 2839 443 2879 probibet,
456 2842 496 2882 quin
508 2840 606 2875 Semitieam
618 2847 706 2875 teneamus
719 2848 798 2875 naturam
810 2841 914 2881 (efe'rmnn
