1889 3264
269 183 286 232 ξ.
299 185 316 220 a,
334 182 367 219 Da
380 193 445 221 nauus
457 184 599 221 Assrnronun.
760 194 812 221 xmx

68 304 111 352 bia,
128 317 151 342 eo
169 304 240 344 elarius
256 306 360 356 paullatim
376 307 480 356 apparuit,
497 312 572 356 quanta
584 312 603 345 et
615 319 675 358 quam
687 308 758 356 gravia
770 319 812 344 mu-

67 385 115 410 nera
126 374 253 423 exsequenda
264 375 289 413 iis
301 388 313 412 a
321 374 409 412 Domino
422 373 522 411 destinata
534 379 593 424 atque
604 374 693 412 iniuncta
705 380 777 413 essent.
789 374 811 412 ld

68 440 122 489 quod
139 441 159 478 in
174 442 298 492 amplissima
312 442 356 479 luee
372 441 502 479 constitutum
519 446 549 479 est
565 442 657 480 vaticinio
670 441 738 480 Ionae.
756 441 810 481 Nam

68 508 126 546 sicuti
138 509 191 547 haud
202 523 247 547 raro
265 509 339 547 factum
356 515 395 556 est,
413 513 436 546 ut
447 508 505 556 deus,
522 521 566 546 omn
582 521 658 547 summa
674 509 761 558 quadam
777 524 810 548 ne-

68 576 160 615 cessitate
171 589 219 628 geus
232 577 300 627 aliqua
313 589 355 614 cum
367 576 465 615 Israelitis
478 576 619 624 contineretur,
639 576 656 615 ei
668 589 740 615 nomen
753 590 810 616 suum

68 650 87 681 et
98 644 222 683 maiestatem
235 644 331 694 singulari
343 644 411 695 aliqua
426 644 504 682 ratione
520 644 704 683 manifestaret1-
717 646 810 695 quemad-

68 713 148 749 modum
160 712 267 762 Aegyptiis
278 725 315 762 per
327 712 383 762 signa
395 712 430 751 illa
446 717 507 762 atque
519 717 622 762 portenta,
638 712 758 762 Babyloniis
775 727 811 763 per

68 778 158 818 Danielis
170 780 232 818 verba
245 785 265 817 et
275 780 340 828 facta,
356 779 424 819 Persis
440 793 476 830 per
490 780 616 830 praeclarum
632 780 771 818 vaticiniorum
788 781 811 818 de

68 846 123 898 Cyro
141 852 200 885 antea
216 847 313 886 editorum
329 853 420 886 eventum
431 848 496 886 -ita
512 848 538 885 ad
553 848 661 898 Assyrios,
678 848 751 899 quibus
767 853 810 886 tan-

69 928 128 965 quam
141 915 295 966 omnipotentiae
307 928 355 954 suae
365 916 502 954 instrumentis
515 928 586 954 usurus
605 921 657 962 erat,
673 915 810 954 Israelitarum

68 996 108 1020 non
124 983 189 1026 minus
206 997 265 1034 quam
278 983 397 1021 ludaeorum
412 984 459 1021 fatis
477 983 616 1030 declarandae,
633 983 659 1021 ad
677 996 711 1021 eos
728 983 811 1034 inquam

63 1050 138 1089 Ionam
151 1051 216 1089 emisit
228 1057 303 1098 vatem,
320 1051 355 1101 qui
370 1050 537 1106 civitatemillam
548 1063 588 1088 non
600 1051 687 1088 humano
700 1051 764 1088 solum
778 1064 810 1090 ve-

69 1131 112 1156 rum
125 1118 192 1157 divino
205 1118 264 1157 etiam
275 1117 369 1156 modulo²
381 1119 406 1156 ad
417 1119 518 1169 potentiae
531 1125 550 1157 et
558 1119 645 1156 malitiae
654 1118 756 1169 fastigium
766 1132 810 1157 eve-

69 1192 130 1234 ctam,
142 1186 232 1224 interitus
244 1187 397 1224 eonnninatione
405 1187 510 1237 proposita
520 1186 544 1224 ad
554 1186 696 1236 poenitentiam
705 1186 744 1224 sibi
752 1200 811 1236 prae-

69 1254 161 1291 standam
176 1252 331 1301 eounnoveret³3
353 1260 413 1305 atque
429 1254 479 1292 adeo
494 1254 558 1303 ruptIs
576 1253 722 1305 quodammodo
740 1253 766 1291 V.
778 1254 810 1292 Ti.

69 1322 140 1360 finibus
156 1321 250 1369 salutem,
268 1322 293 1359 ab
309 1321 407 1360 Israelitis
423 1326 521 1371 spretam,
539 1322 565 1359 ad
580 1326 648 1371 gentes
661 1320 769 1370 aliqnando
781 1335 811 1359 re-

70 1389 202 1427 dundaturam
210 1390 361 1427 demonstraret.
381 1388 425 1437 Quo
433 1389 487 1428 facto
497 1402 540 1426 cum
549 1389 665 1427 lerobeamo
674 1388 695 1426 Π
704 1389 812 1438 regnante4

70 1457 190 1495 declaratum
202 1461 267 1505 esset,
285 1469 382 1495 summum
399 1458 450 1496 inter
466 1462 534 1508 gentes
545 1456 612 1495 locum
623 1456 715 1507 Assyriis
727 1469 750 1494 eo
763 1462 812 1495 tem-

68 1655 101 1685 tari
113 1654 166 1696 probe
178 1658 240 1697 potest.
264 1653 307 1686 Iehu
319 1655 365 1686 enim
377 1664 445 1687 ornnem
456 1655 573 1687 idololatriam
582 1659 663 1694 quarttmn
671 1657 730 1696 posset
738 1656 756 1686 in
764 1658 811 1686 utrc-

69 1719 101 1751 que
113 1721 166 1753 regno
179 1713 289 1753 exstinguere
303 1715 374 1743 conatus
387 1714 422 1751 est3
438 1712 507 1753 Assyrii
523 1715 580 1743 autem
591 1710 651 1742 Baaiis
666 1714 683 1742 et
694 1711 771 1742 Astartis
784 1721 812 1743 oo·

68 1767 159 1800 lendornm
170 1769 232 1800 summi
243 1772 280 1800 tum
291 1768 393 1800 exstiterunt
401 1769 480 1809 patroni,
492 1777 512 1800 ac
519 1772 588 1810 praeter
596 1772 662 1799 eeteros
670 1777 701 1799 rex
711 1768 750 1807 ille,
762 1776 812 1808 quem

68 1823 182 1856 Divanubara
193 1825 287 1867 appellavit
293 1823 363 1861 Raram,
375 1823 457 1856 Assaraci
465 1825 529 1856 cultum
536 1826 609 1868 passim,
622 1832 690 1865 quoquo
698 1828 813 1866 penetrasset,

68 1881 162 1913 instituisse
175 1881 266 1923 gloriatum
283 1885 334 1921 atque
350 1880 393 1913 adeo
408 1882 445 1913 veri
456 1881 503 1913 haud
515 1881 598 1914 dissimile
613 1886 648 1922 est,
664 1880 710 1922 quod
722 1880 774 1921 Iehu,
790 1891 812 1913 ne

68 1938 178 1982 inimicitiam
190 1937 226 1969 eius
236 1941 252 1969 et
264 1938 308 1970 iram
319 1938 421 1977 lacesseret,
437 1937 487 1969 donis
503 1947 542 1969 eum
557 1939 690 1981 placaverit-
703 1937 812 1970 Gnoruuaun.

68 1992 161 2035 legendum
172 1998 230 2027 censet
240 1993 303 2026 Yahna
314 1995 348 2026 ben
359 1994 412 2034 Ubri,
427 1994 446 2025 id
461 1994 507 2034 quod
521 1996 592 2036 propius
608 1995 656 2027 abest
672 2003 683 2025 a
696 1993 812 2026 Ravvnmsonn

69 2051 142 2083 lectione
158 2055 210 2083 antea
221 2051 295 2093 probata
306 2052 339 2083 ben
351 2050 424 2091 Hnbiri,
439 2059 511 2090 eumque
523 2051 596 2083 Hrskiae
612 2052 709 2082 ministrum
724 2060 761 2082 esse
777 2052 813 2092 epi-

69 2112 129 2148 natur‚
142 2107 202 2149 2Reg.
214 2107 287 2148 XVIII,
301 2108 322 2139 IS
335 2117 361 2149 ss3
373 2108 387 2139 is
400 2117 441 2139 vero
454 2108 554 2139 nominatur
568 2113 610 2151 710&
620 2112 661 2152 ’12
673 2124 695 2130 —
708 2106 744 2139 Cir.
753 2106 813 2139 Ravvt.

70 2164 167 2196 Comment.
179 2174 218 2207 pag.
227 2165 255 2196 47.
271 2163 381 2196 Athenaeum
394 2164 444 2204 1852,
455 2163 490 2196 Nc.
500 2157 554 2204 1274,
566 2176 582 2206 p.
590 2165 632 2205 3573
648 2164 727 2204 Literary
741 2162 814 2195 Gazette

71 2221 126 2261 1851,
138 2222 203 2262 p.2573
217 2220 276 2252 Runa.
290 2218 368 2251 Outlines
380 2230 396 2261 p.
405 2220 474 2252 XXIV.

105 2277 121 2317 1)
133 2277 169 2309 Ot'r.
180 2274 283 2317 (Humana.)
295 2275 327 2307 das
338 2274 387 2308 Bueh
398 2276 452 2317 Iona,
465 2277 492 2308 ein
505 2276 642 2318 apologetischer
652 2274 735 2308 Versuch.
748 2274 815 2316 Evang.

71 2334 216 2375 Kirchenzeitung
228 2333 282 2373 1834,
294 2343 311 2374 p.
320 2333 359 2364 218.

86 2391 87 2394 ’
106 2390 123 2431 a)
135 2391 170 2437 Cir.
182 2390 220 2422 Ion.
235 2390 271 2430 ΠΙ,
284 2390 303 2422 3:
312 2380 407 2425 umas}
416 2379 475 2427 nima
486 2394 579 2425 nitriam
588 2394 657 2426 avitis.
669 2389 689 2430 I,
701 2390 721 2421 a:
730 2379 815 2423 nubum

71 2441 114 2484 *aaa
129 2453 192 2482 unna.
216 2478 219 2487 Ἰ

106 2504 123 2543 3)
135 2503 186 2543 Quod
197 2510 234 2537 tam
244 2504 295 2537 facile
306 2504 351 2535 Iona
361 2503 495 2535 fortissimorum
507 2503 619 2542 Assyriorum
635 2503 702 2536 animos
719 2503 762 2535 adeo
778 2511 817 2543 per-

72 2561 133 2593 cellere
144 2562 230 2603 petuent,
242 2566 311 2603 praeter
323 2560 402 2602 esenipla
414 2560 456 2591 satis
468 2559 531 2591 similia
543 2557 579 2598 (cir.
590 2559 621 2591 lsi.
633 2570 650 2601 p.
657 2561 697 2601 222)
710 2570 731 2592 eo
741 2558 816 2590 referen-

73 2618 113 2649 dum
126 2622 160 2658 est,
176 2618 222 2657 quod
234 2618 336 2650 divinationi
349 2621 366 2649 et
378 2617 452 2650 cuiusvis
463 2616 531 2658 generis
547 2616 696 2657 superstitionibus
712 2624 817 2657 magnopere

73 2675 127 2707 dediti
140 2679 197 2716 erant3
211 2674 241 2706 eir.
254 2685 306 2717 supra
318 2686 334 2716 p.
342 2674 401 2714 XXV,
413 2678 449 2706 not.

107 2731 124 2771 4)
138 2730 173 2764 Otr.
186 2730 248 2772 anag.
257 2731 307 2771 XIV,
320 2731 347 2764 25.
359 2730 412 2773 Regis
425 2731 493 2771 Assyrii
505 2740 577 2769 nomen,
590 2729 619 2769 qni
631 2731 757 2771 poenitentiam
768 2739 818 2771 prae-

74 2787 153 2820 standam
165 2787 228 2830 populu
240 2788 322 2830 praeivit,
335 2797 357 2819 ex
368 2787 507 2830 inscriptionibus
519 2787 596 2820 nondum
608 2790 655 2818 certo
664 2787 771 2819 enucleatum
784 2791 819 2825 est3

73 2844 159 2877 anvtrus.
173 2845 252 2886 opinatur
260 2854 341 2886 regnasse
350 2854 370 2877 eo
379 2850 456 2887 tempore
464 2843 628 2877 Adrammeleelnun
640 2843 683 2874 llum
695 2843 732 2882 (cfr.
741 2842 820 2875 Outlines

75 2912 91 2942 p.
100 2900 175 2941 XXVI).

670 2955 686 2977 rr
