1889 3264
362 113 410 153 Onr.
420 113 461 163 ΠΙ,
473 127 492 152 r.
503 117 530 153 14.
772 110 819 156 113

74 251 111 290 pro
127 238 177 289 ipsis
193 238 258 290 portis
276 239 368 278 videntur
384 240 431 278 dicti
447 253 496 279 esse.
517 263 542 268 -
563 240 668 281 Resonant
688 239 737 279 hacc
752 239 820 287 verba,

74 307 184 358 paullulum
202 307 281 359 quiden]
296 308 411 356 immutata,
429 308 483 358 apud
498 309 613 357 Ieremiam,
629 308 667 357 LI,
683 310 716 346 30:
735 307 821 356 „heroes

74 376 155 414 Babelis
167 388 257 427 pugnare
269 384 360 424 cessant,
376 376 428 415 fiunt
443 376 535 415 mulieres
547 374 621 426 (nuent
642 375 698 428 tm);
713 376 821 415 incendun-

46 460 48 463 ’
75 449 107 482 tur
118 444 252 483 habitationes
262 444 310 492 eius,
324 444 476 495 confringuntur
488 451 554 484 vectes
567 443 630 483 eius.“

699 528 704 557 l

356 657 380 707 C.
404 675 427 706 v.
443 660 540 707 14-19.

109 783 207 823 Extrema
219 783 305 823 vaticinii
317 784 415 834 particula
427 791 500 823 certam
513 783 671 835 destinatamque
686 783 822 834 potentissimi

76 853 132 903 regni
148 852 227 891 ruinam
242 852 337 903 proponit
353 852 477 891 cumulatius.
494 852 584 890 Primum
601 853 653 890 enim
669 852 690 903 a)
706 865 743 890 nec
758 853 822 890 muni-

76 925 143 959 menta
154 920 213 969 Nini,
227 933 263 958 nec
274 933 377 958 numerum
390 921 492 971 copiarum
504 933 541 959 nec
552 933 600 971 opes
614 920 721 971 quiequam
737 920 762 959 iis
774 933 822 971 pro-

76 989 154 1036 futura,
171 988 294 1027 locustarum
305 988 390 1038 imagine
402 994 498 1038 quattuor
509 1001 535 1026 ex
546 989 638 1038 partibus
650 988 751 1039 explicata
763 989 822 1027 doce-

77 1061 119 1104 tur,
132 1059 250 1103 alt—175
263 1061 404 1106 comparantur
416 1056 466 1095 enirn
478 1056 519 1094 illis
531 1069 555 1094 eo
566 1056 656 1104 nomine,
669 1056 724 1107 quod
735 1056 822 1107 primum

76 1123 182 1161 multitudo
198 1136 266 1161 earum
282 1123 431 1163 innumerabilis
449 1128 490 1172 est,
509 1124 580 1162 deinde
596 1123 650 1175 quod
665 1129 685 1162 et
699 1124 823 1162 ineluctabili

77 1204 121 1229 cum
138 1191 234 1230 violentia
253 1197 273 1230 et
288 1204 365 1230 summa
384 1192 443 1231 simul
463 1191 559 1230 facilitate
581 1191 728 1242 depopulantur
748 1191 823 1230 circum

77 1256 161 1307 omnia,
173 1272 212 1311 quo
226 1259 367 1308 consederunt;
387 1260 471 1311 denique
488 1260 554 1311 quod,
575 1260 614 1298 ubi
627 1272 684 1298 suum
699 1260 823 1311 reliquerunt

77 1327 153 1375 locum,
170 1328 220 1366 adeo
233 1333 363 1376 evanescunt,
381 1334 403 1367 ut
419 1328 495 1366 nullum
508 1341 575 1366 earum
587 1327 693 1379 vestigium
704 1328 822 1378 reperiatur.

78 1394 191 1446 Singularis
202 1396 273 1435 haecce
285 1402 345 1446 atque
356 1396 461 1447 ingeniosa
472 1396 560 1434 maxime
572 1395 680 1443 similitudo
691 1409 728 1435 suo
737 1396 778 1434 iam
790 1409 822 1438 or—

78 1464 123 1502 dine
136 1464 214 1501 videtnr
226 1464 342 1502 enarranda.
362 1464 461 1504 Hostibus
473 1464 551 1502 nemine
563 1464 668 1503 resistente
679 1464 705 1502 ad
714 1463 781 1514 ipsam
790 1477 823 1502 ur·

78 1533 123 1570 bem
134 1533 247 1581 progressis
260 1531 287 1581 (v.
298 1533 336 1583 13),
349 1532 474 1582 amplificatis
487 1532 547 1570 etiam
558 1532 667 1570 firmissimi
678 1531 718 1570 loci
729 1532 823 1570 munitio-

77 1599 136 1638 nibus
148 1599 217 1649 nequit
229 1599 292 1637 averti
304 1612 322 1637 v.
333 1602 367 1648 14,
384 1600 431 1650 quin
447 1600 514 1650 gladio
532 1605 552 1638 et
567 1600 613 1650 igne
629 1600 719 1650 capiatur
732 1606 751 1638 et
763 1600 823 1638 deva-

78 1672 141 1706 stetur
152 1680 171 1705 v.
182 1669 202 1705 15
212 1680 235 1715 a,
252 1666 310 1706 sicuti
326 1666 447 1706 inevitabilis
464 1673 494 1705 est
504 1668 627 1706 locustarum
642 1667 783 1718 depopulati03
800 1679 824 1706 ac

78 1735 124 1773 licet
133 1735 362 1785 numerusAssyriorum
371 1735 459 1786 ingentia
467 1735 547 1773 illarum
553 1736 633 1787 agmina
638 1735 729 1774 videatur
737 1748 824 1787 aequare

78 1816 97 1842 r.
108 1803 160 1852 151),
178 1808 197 1841 et
209 1807 340 1852 mercatores,
357 1803 392 1854 qui
408 1803 499 1854 ingentes
514 1804 602 1855 undique
618 1816 666 1854 opes
683 1809 792 1855 congerunt
802 1804 824 1842 in

78 1871 175 1919 medium,
188 1871 290 1910 stellarum
303 1871 362 1910 etiam
374 1872 472 1910 excedant
480 1871 625 1910 multitudinem
638 1885 656 1910 v.
665 1875 686 1910 16
694 1885 718 1920 a,
731 1895 756 1901 —-
767 1885 823 1910 reco-

79 1939 122 1978 lant
142 1944 209 1978 tamen
229 1939 292 1979 securi
311 1939 351 1987 illi,
372 1939 471 1989 locustas,
493 1953 574 1991 quoquo
591 1940 746 1989 descenderunt,
763 1940 824 1990 plane

80 2008 148 2046 omnia
157 2008 237 2057 depasci
245 2013 271 2056 et,
284 2008 400 2059 quotidiano
413 2008 451 2046 hoo
462 2008 543 2059 negotio
555 2013 647 2058 peracto,
659 2008 730 2046 leviter
743 2008 825 2046 avolare

79 2076 157 2114 11161).
176 2075 233 2113 Licet
244 2087 291 2125 ergo
305 2076 364 2115 duces
376 2076 436 2114 etiam
452 2081 472 2114 et
482 2088 575 2126 proceres
591 2089 659 2114 eornm
675 2076 775 2114 innumeri
788 2076 825 2114 im-

79 2156 168 2182 mensam
184 2144 271 2193 prodant
287 2143 343 2193 regni
359 2143 470 2194 potentiam
490 2156 526 2182 nec
545 2149 587 2182 tarn
608 2144 666 2183 facile
687 2144 825 2183 existimentur

80 2210 180 2250 evertendi
192 2211 339 2250 -belluarum
351 2213 431 2263 agmina
442 2212 482 2250 ista
494 2212 529 2250 ubi
540 2213 572 2250 vel
585 2212 651 2251 defixa
664 2213 685 2250 in
698 2212 766 2263 aliquo
778 2212 825 2250 hae-

79 2292 123 2318 rere
134 2278 179 2317 loeo
192 2279 306 2328 videantur,
319 2279 386 2317 subito
399 2285 466 2318 tamen
478 2292 596 2319 evanescere
608 2281 673 2319 solent
684 2283 741 2319 v.'17.

114 2348 138 2399 b)
149 2361 169 2386 v.
180 2350 207 2385 18.
221 2349 248 2385 ia
262 2346 296 2387 Sic
308 2347 385 2386 eveniet
395 2352 418 2386 ut
430 2348 501 2387 summi
513 2353 533 2386 et
543 2348 606 2387 infimi
617 2349 675 2399 regni
687 2348 739 2387 cives
751 2347 828 2399 ingenti

81 2428 149 2454 omnes
162 2415 256 2455 trucidati
271 2420 338 2467 strage
349 2416 425 2466 passim
440 2415 519 2455 iaceant
530 2430 549 2455 v.
560 2419 593 2465 18,
610 2422 630 2454 et
644 2416 733 2455 letiferae
743 2416 827 2467 plagae,

81 2496 132 2533 quae
147 2495 214 2534 regem
229 2483 288 2523 simul
304 2489 324 2522 et
341 2490 419 2535 gentem
434 2485 543 2535 percussit,
558 2490 636 2524 tantum
653 2486 710 2523 abest
721 2491 743 2523 ut
754 2484 829 2522 mederi

80 2553 187 2603 quisquam
203 2552 270 2590 valeat
285 2552 369 2601 velitve‚
388 2558 410 2591 ut
429 2552 543 2592 universum
559 2553 626 2604 potius
641 2553 750 2591 humanum
766 2564 828 2603 genus

80 2619 176 2659 malitiosi
189 2621 315 2670 oppressoris
332 2626 352 2659 et
367 2621 469 2660 vexatoris
485 2621 568 2660 malefici
588 2621 722 2659 internecione
743 2620 830 2671 gaudeat

81 2693 141 2739 atque
153 2688 247 2736 laetetur,
259 2691 316 2727 1119.
