1889 3264
129 120 185 173 130*
390 129 438 168 Car.
447 129 487 176 ΠΙ,
500 141 519 168 v.
530 133 604 168 14-19.

127 259 203 302 nrenta,
222 254 284 305 longa
303 253 414 292 secrdorum
430 258 553 302 praeteracta
573 253 633 300 serie,
655 259 780 293 accusatores
800 267 867 292 eorum

127 327 229 373 emergunt
241 335 251 360 e
263 321 344 371 pulvere
356 326 375 358 et
387 321 546 370 comprobandae
558 321 614 359 verbi
625 320 687 358 divini
699 322 788 360 veritatis
800 327 867 361 testes.

128 389 278 436 „Namsaxum
290 402 301 426 e
313 401 369 426 muro
385 388 526 436 conclamabit7
543 393 562 426 et
578 388 654 438 tignum
670 401 680 425 e
696 388 786 427 tabulato
802 390 820 426 ei
837 403 867 427 re-

127 456 253 508 spondebit.“
265 456 346 510 Habalr.
358 456 389 500 Π,
402 459 429 493 11.

161 525 218 572 Quae
230 536 274 561 cunr
285 524 313 561 ita
325 523 374 570 sint,
389 524 449 561 finenr
461 523 520 561 vatici
535 522 549 559 ii
565 522 629 560 redire
641 523 665 560 ad
678 522 755 561 initiunt
770 509 866 570 videmus,

128 605 172 630 cum
187 592 284 630 atrocium
304 596 428 641 peccatorum
445 536 549 628 multitullo
570 590 658 628 divinam
678 590 754 640 flagitet
773 590 867 628 ultionem

128 660 158 710 (Ι,
172 662 188 697 1.
200 659 233 712 27).
251 657 323 708 Neque
335 671 382 696 vero
395 670 462 704 eorum
474 662 613 708 proponuntur
624 657 700 707 flagitia
711 663 731 696 et
748 658 868 708 praedicitur

127 726 226 773 vindicta,
247 726 282 776 qui
298 725 375 776 aliquot
390 725 527 763 tantummodo
544 730 611 775 gentes
629 737 665 764 sua
681 726 798 764 vexaverint
809 722 876 775 perfiss

128 794 161 832 dia
178 799 239 843 atque
254 793 354 844 nequitia:
374 793 408 831 sed
424 805 502 840 eorum,
524 793 557 843 qui
573 804 669 830 summam
685 783 765 831 teneant
780 793 867 830 omnium

128 861 237 911 potentiam
257 865 276 898 et
296 861 409 898 universum
425 866 522 898 terrarum
539 860 607 897 orbem
622 860 651 910 Cr>
665 857 682 900 'b
697 870 719 898 πο
729 854 780 911 ’bril
793 860 868 898 tamdiu

129 928 288 966 conculcaverint
298 928 392 977 pedibus,
410 932 430 964 et
441 940 518 965 sacram
530 927 647 977 praesertim
658 925 697 964 Dei
708 931 787 977 gentem
798 940 868 965 excru-

129 995 233 1042 ciaverint;
252 1008 303 1045 quae
313 995 360 1032 licet
370 994 430 1044 longe
442 995 544 1044 graviores
556 1007 630 1043 poenas
643 994 684 1033 suis
695 995 789 1032 meruerit
799 1007 868 1044 pecca-

129 1063 167 1110 tis,
179 1063 276 1100 immensa
292 1067 358 1099 tamen
373 1061 457 1099 Domini
472 1061 576 1100 clementia
594 1067 613 1099 et
624 1061 769 1109 misericordia,
789 1067 868 1111 postea-

128 1143 188 1181 quam
200 1129 323 1179 aliquamdiu
334 1129 446 1179 vapulavit,
464 1142 476 1166 a
488 1128 541 1167 tristi
551 1128 630 1166 illorum
643 1128 690 1178 iugo
703 1134 722 1166 et
734 1129 869 1167 dominatione

127 1182 209 1235 iamiam
220 1197 343 1234 liberabitur.
362 1195 428 1244 Quare
442 1196 501 1246 longe
517 1196 581 1245 magis
596 1195 721 1245 magnificum
732 1195 821 1233 Nabumi
833 1210 869 1237 nnw

128 1278 173 1302 men
185 1269 275 1302 extrema
285 1264 357 1301 haecce
368 1269 463 1301 revocant
474 1263 544 1310 verba,
557 1268 577 1301 et
588 1262 712 1312 praeclaras,
725 1274 775 1313 quas
787 1277 868 1314 expres-

129 1343 162 1369 sas
173 1331 194 1368 in
206 1344 228 1369 se
239 1330 303 1380 gerit,
319 1330 469 1380 promissiones.
483 1330 601 1368 Extremum
613 1329 674 1380 igitur
685 1331 817 1369 enarrationis
833 1344 868 1368 no-

128 1404 182 1437 strae
193 1397 279 1447 lapidem
291 1397 394 1447 praeclara
405 1397 510 1447 imponant
520 1397 617 1435 Lernam
627 1398 698 1435 verba:

163 1464 217 1513 „Hic
228 1465 329 1513 videmus,
347 1477 406 1515 quam
424 1465 465 1502 sint
480 1465 549 1502 omnia
557 1464 577 1502 in
589 1465 627 1502 hoc
638 1465 737 1514 propheta
748 1466 868 1504 consolatio-

128 1545 175 1570 num
187 1532 314 1582 plenissima,
331 1532 402 1582 quibus
414 1531 469 1570 Deus
483 1532 576 1581 Optimus
588 1532 689 1571 Maximus
706 1545 753 1571 suos
765 1534 810 1583 pios
822 1546 868 1572 con-

65 1617 72 1624 ·
128 1606 159 1638 tra
171 1600 212 1638 vim
224 1605 243 1637 et
254 1599 349 1637 insultum
361 1599 448 1637 hostium
460 1599 580 1637 consolatur.
599 1599 655 1648 Quae
670 1600 816 1639 consolationes
832 1614 868 1651 nos

128 1680 196 1706 omnes
210 1667 269 1705 etiam
281 1667 369 1704 arrimare
380 1667 452 1704 debent
463 1667 483 1704 in
496 1679 614 1717 quacunque
624 1667 753 1715 necessitate,
770 1674 793 1706 ut
808 1670 868 1707 confi-

129 1735 198 1773 damus
211 1735 353 1785 credamusque
364 1735 433 1783 plane,
446 1747 486 1772 non
497 1734 639 1784 permissurum
648 1735 766 1783 Dominum,
778 1741 801 1774 ut
811 1749 869 1786 prae-

127 1802 208 1840 valeant
223 1807 292 1840 contra
306 1814 343 1840 nos
360 1802 470 1840 adversarii
486 1802 540 1840 verbi
551 1802 596 1840 Dei.
615 1801 670 1841 Sicut
686 1803 738 1841 enim
749 1797 869 1853 promiserat

127 1870 195 1907 rudae,
204 1870 353 1916 liberationem,
372 1874 391 1907 et
405 1882 487 1920 regnum
505 1869 592 1918 salvum,
609 1882 634 1907 ex
651 1883 690 1920 quo
702 1871 814 1910 nasciturus
826 1877 869 1910 erat

128 1937 229 1985 Christus,
247 1942 266 1975 et
282 1937 387 1987 promissis
403 1937 469 1985 stetit,
484 1937 532 1975 fecit
543 1937 634 1976 omnibus
646 1938 736 1976 hostibus
749 1927 868 1989 superiores,

127 2005 147 2042 id
166 2005 219 2056 quod
234 2004 267 2042 hic
284 2004 409 2055 apertissime
426 2005 446 2042 in
463 2011 504 2043 tam
520 2005 659 2054 potentissimo
677 2011 697 2044 et
718 1993 868 2056 opulentissimo

127 2085 189 2123 regno
201 2071 331 2123 Assyriorum
344 2071 445 2110 exhibuit:
461 2073 490 2111 ita
502 2085 542 2110 non
554 2072 665 2111 dubitemus
677 2073 737 2112 etiam
749 2075 807 2114 nobis
819 2075 869 2113 affu-

129 2147 193 2178 turum
209 2139 229 2177 in
246 2140 300 2177 omni
312 2140 438 2187 necessitate,
452 2140 494 2179 sire
507 2140 606 2190 corporali
618 2141 661 2179 sive
673 2142 779 2191 spirituali.
803 2141 869 2194 Siqui-

127 2207 170 2245 dem
183 2221 233 2246 uuus
249 2213 280 2246 est
296 2207 360 2245 adbuc
371 2207 437 2255 Deus,
455 2208 489 2259 qui
503 2208 587 2246 redemit
602 2208 682 2256 Iudam,
701 2209 736 2259 qui
751 2210 811 2258 dixit,
829 2223 869 2248 non

127 2288 217 2313 casurum
231 2275 323 2325 capillum
336 2275 436 2325 decapite
449 2281 518 2314 nostro
532 2276 575 2314 sine
586 2276 689 2315 voluntate
701 2280 759 2316 sua.“
