1889 3264
102 153 150 200 122
364 158 412 198 oin.
421 158 462 208 111,
476 172 494 197 v.
504 162 578 197 m-ra

99 282 156 321 verbi
169 282 234 333 specie
243 262 354 333 personam
360 284 426 322 notari
435 283 556 332 dixerimus,
569 282 677 322 Gusuruus
686 283 757 335 (thes.)
767 283 843 322 cautius

100 351 244 389 abstractivam
253 351 338 390 formam
347 353 471 391 concretirae
480 364 539 402 agere
548 352 601 390 vices
611 351 683 389 docuit.
702 351 761 390 Unde
770 356 843 399 autern,

100 418 210 469 quaeritur,
222 418 316 470 Dagesch
327 419 377 458 illud
385 419 406 457 in
415 420 429 457 1.
445 431 453 458 a
464 421 473 458 P
490 419 511 459 N
513 432 539 458 on
547 420 631 458 multum
640 419 724 458 attulere
735 419 796 467 111015,
809 419 844 471 qui

100 486 124 525 de
137 496 158 537 pa
173 487 268 537 partitiva
282 488 404 539 cogitarunt,
417 487 615 537 111011.,Ηο011111.1
628 487 754 538 „principum
764 492 844 525 tuorum

100 561 141 592 tam
150 555 262 594 multisunt
273 564 297 594 ot.
305 571 310 604 3
317 559 329 578 “
343 556 411 606 quidni
421 557 471 594 enim
479 557 537 595 alteri
544 569 626 623 quoque
634 555 679 594 voci
693 566 770 606 1111000
785 568 843 606 prae-

99 623 187 672 positum
204 624 269 663 esset?
287 624 401 674 impeditius
417 625 477 663 etiam
491 625 508 662 Ι.
520 624 546 663 D.
559 624 622 663 1111011.
639 623 704 675 suppl.
720 624 790 662 vertit:
814 623 844 673 „ii

100 691 134 741 qni
146 705 159 729 a
171 692 283 730 diademate
295 697 341 731 sunt
353 692 394 730 scil.
407 693 516 743 proximi.“
529 692 558 731 Ut
574 692 614 730 alia
629 697 777 742 praetereamus
790 705 843 730 com-

99 765 176 808 menta,
189 765 242 798 recte
254 760 348 799 statuisse
360 760 462 809 videntur,
476 761 510 812 qui
521 760 616 811 Dagesch
628 759 761 810 euphonicum
773 772 843 810 argue-

99 833 153 874 rent,
169 828 198 865 uti
215 828 313 867 eiusmodi
328 834 397 866 notam
413 829 523 879 appellavit
535 827 652 875 Gnsrmus,
671 827 786 878 expressius
798 827 842 865 11111.

98 894 193 946 Dagesch
210 895 314 944 dirimens,
332 896 352 934 01
363 926 367 935 .
380 897 397 948 ᾗ.
407 899 439 945 92,
453 910 469 935 c.
482 899 524 944 too,
538 910 557 944 0,
576 895 742 947 quemadmodum
759 900 844 946 apparet

98 963 119 1000 iu
131 977 150 1001 v.
164 967 239 1024 riqprq,
254 964 385 1024 0111011011]
402 964 459 1003 Haeo
474 969 540 1003 autem
551 964 608 1003 verbi
623 964 700 1002 notatio
717 964 844 1002 confirma-tur

99 1043 134 1078 00,
156 1031 210 1082 quod
228 1031 287 1069 duces
303 1032 445 1083 Assyriorum,
465 1045 501 1071 nec
518 1033 577 1070 duces
594 1032 670 1079 solum,
690 1044 759 1070 verum
775 1044 843 1070 omnes

99 1097 170 1146 etiam,
184 1099 218 1149 qni
231 1099 328 1149 supremis
340 1100 454 1140 muneribus
465 1100 525 1151 regiis
537 1100 681 1150 iungebantur,
694 1099 812 1138 diadematis
825 1104 844 1138 et

99 1167 180 1206 coronis
192 1167 325 1218 pretiosisque
337 1168 391 1207 vittis
404 1175 460 1207 erant
472 1169 547 1217 ornati,
563 1169 593 1206 uti
609 1168 680 1206 docent
694 1172 823 1206 monumenta
829 1167 842 1206 2.

100 1257 124 1262 —-
136 1235 180 1273 iam
191 1248 239 1273 vero
251 1235 348 1274 Murnnus
360 1236 481 1275 Wumelwb.
498 1242 518 1275 et
528 1237 644 1275 uincamus
660 1235 773 1286 principum
790 1236 843 1286 cogi-

100 1303 195 1342 tationem
207 1317 220 1342 a
231 1316 286 1342 nexu
297 1305 439 1343 sententiarum
454 1318 537 1355 prorsus
552 1304 638 1342 alienam
653 1316 697 1342 esse
712 1305 843 1351 contendunt,

100 1377 121 1409 at
136 1384 202 1410 nonne
219 1377 313 1423 sequente
329 1386 389 1411 versu
405 1373 514 1412 afferuntur
528 1378 631 1423 pastores,
648 1372 661 1410 i.
675 1385 691 1410 e.
707 1372 807 1422 principes
824 1377 844 1410 et

100 1438 170 1487 duces,
187 1445 247 1491 atque
259 1440 369 1490 magnifici,
382 1442 499 1492 magnates?
517 1440 628 1479 Hrrzrorus
640 1445 706 1478 autem
717 1440 789 1478 haecce
800 1453 843 1478 mo-

99 1507 151 1545 nuit:
169 1508 219 1555 „mit
230 1507 459 1547 Heusclneclrenlraufen
474 1508 587 1560 verglichen
604 1507 685 1546 werden
699 1507 772 1545 sollten
788 1508 843 1546 nicht

100 1573 182 1624 Solclre,
195 1575 228 1613 die
239 1575 437 1627 rerhtiltnissmdssig
448 1582 497 1616 stets
509 1576 586 1627 wenige
597 1575 652 1623 sind,
669 1576 765 1623 sondern,
783 1576 843 1614 deren

99 1642 138 1681 wie
151 1645 207 1692 jener
219 1643 316 1692 Kra'mer,
335 1645 378 1683 eine
393 1657 464 1696 grosse
475 1644 553 1692 Zahl;“
570 1657 637 1682 verum
653 1644 753 1681 enimvero
769 1644 843 1693 princiss

98 1723 146 1761 pum
158 1711 235 1749 notioni
247 1724 287 1749 non
299 1717 404 1763 tantopere
416 1719 446 1752 est
456 1713 597 1760 insistendum,
613 1716 699 1763 possunt
714 1711 794 1749 omnino
807 1711 842 1750 du-

99 1791 131 1817 ces
144 1785 163 1817 et
174 1792 267 1829 proceres
279 1780 369 1831 cogitari.
388 1782 456 1832 Atque
467 1788 490 1819 ut
501 1782 526 1819 de
538 1780 620 1819 ducibus
629 1779 749 1818 militaribus
757 1779 778 1817 in
787 1785 842 1818 utra-

99 1860 139 1898 que
149 1860 199 1885 voce
211 1848 332 1887 enucleanda
347 1854 426 1899 praeter
442 1855 507 1887 cetera
525 1849 643 1899 cogitemus,
662 1860 766 1886 movemur
783 1848 843 1886 etiam

99 1928 134 1963 00,
147 1915 202 1967 quod
213 1915 234 1953 in
245 1916 301 1966 regia
313 1917 462 1967 expeditionum
475 1924 495 1955 et
506 1916 635 1955 victoriarum
647 1915 842 1964 commemoratione,

90 1983 161 2022 'titulis
182 1984 271 2023 cuneatis
288 1984 330 2023 iere
342 1998 448 2035 expressa,
469 1986 508 2023 tria
526 1984 645 2035 praesertim
666 1983 750 2021 militum
770 1995 843 2034 genera

99 2058 290 2101 commemorantur,
306 2066 358 2104 quae
369 2053 531 2093 mammonas
547 2053 626 2103 anglico
643 2064 735 2091 sermone
746 2051 841 2091 reddidit:

134 2255 151 2296 1)
164 2256 251 2299 Gaurion,
263 2258 313 2291 sicuti
326 2268 385 2291 omnes
397 2260 433 2291 fere
445 2259 510 2300 nodos,
522 2260 548 2291 ita
558 2258 604 2290 hunc
612 2267 679 2299 quoque
687 2257 726 2289 aliis
734 2257 791 2289 rerbis
803 2268 841 2299 sup-

97 2315 159 2357 positis
171 2314 253 2357 expedire
264 2325 300 2348 non
311 2316 402 2358 miramur,
414 2327 450 2349 nou
461 2318 518 2349 minus
531 2316 604 2348 abiicere
613 2324 656 2347 onus
666 2315 717 2347 callet
724 2314 841 2347 Knnnnmuus:

99 2373 186 2413 ,omnium
197 2372 272 2405 fortasse
283 2373 426 2416 simplicissimum
435 2379 469 2414 est,
481 2378 500 2406 111
511 2372 639 2406 incommodum
646 2370 777 2412 illudDagesch
785 2371 842 2404 delea-

98 2428 146 2469 tur,“
159 2428 206 2470 quod
218 2429 266 2462 deest
278 2440 340 2463 revera
350 2432 368 2463 in
380 2431 390 2463 6
402 2431 445 2463 Mss.
456 2430 555 2472 Rossianis,
566 2429 613 2462 unde
626 2429 647 2461 ab
656 2427 759 2461 emendante
767 2428 841 2470 quadam

96 2496 150 2518 manu
162 2487 234 2518 eiectum
246 2492 322 2530 apparet.

131 2542 148 2583 ⁶2)
160 2543 195 2576 etr.
207 2537 284 2578 Larmm.
296 2544 376 2578 Nineveh
384 2555 401 2577 u.
413 2544 538 2577 seineUeberr.
551 2555 567 2586 p.
577 2544 615 2576 357.
629 2543 685 2577 Gossu
694 2544 768 2585 Assyria
775 2554 792 2586 p.
798 2543 841 2576 463:

97 2601 155 2643 ,High
167 2601 234 2634 officers
247 2603 266 2634 of
276 2603 305 2635 the
318 2606 362 2635 state
370 2612 416 2635 were
425 2601 503 2633 adorned
512 2601 554 2633 with
565 2600 652 2641 diadems,
664 2602 728 2643 closely
738 2601 842 2644 resembling

97 2657 126 2691 the
138 2658 194 2690 lower
205 2658 252 2691 band
264 2660 284 2692 01
293 2660 322 2692 the
334 2659 384 2701 royal
396 2660 456 2700 mitre,
472 2658 563 2701 separated
577 2658 623 2690 from
638 2658 667 2691 the
683 2669 713 2700 cap
728 2658 777 2691 itself
790 2682 840 2692 .....

96 2715 142 2756 Very
154 2717 251 2758 commonly
263 2717 292 2750 the
303 2718 349 2750 head
362 2726 399 2749 was
412 2716 497 2749 eneircled
508 2716 552 2748 nith
563 2726 574 2748 a
586 2717 646 2759 simple
657 2717 700 2749 tillet
708 2726 728 2748 or
735 2716 790 2759 hoop,
802 2727 841 2759 pro-

96 2773 149 2815 bably
161 2774 181 2805 01
191 2774 241 2816 gold,
253 2775 326 2806 wrthout
338 2785 372 2816 any
385 2774 487 2806 adornment
496 2772 527 2805 et.“
540 2773 630 2806 Eiusmodi
640 2773 766 2814 diadematum,
778 2774 842 2816 passim

97 2830 186 2863 obviorum
203 2832 221 2863 in
233 2835 382 2880 monumentorum
394 2831 468 2871 tabulis,
483 2831 567 2874 imagines
583 2831 668 2875 expressit
680 2830 738 2864 Gossu
750 2831 761 2863 1.
770 2831 791 2871 1.;
806 2830 840 2863 Bo-

96 2896 134 2920 nonr
147 2888 204 2929 [1319
218 2888 311 2922 seeundum
322 2888 391 2921 Borma
403 2889 438 2922 tab.
449 2888 487 2921 163.
