1889 3264
109 141 148 167 vm
351 130 514 168 maimonem.
533 129 581 167 Cur.
595 130 610 168 I.

109 254 192 304 ronrrr)
203 252 254 290 libro
267 247 324 290 κατὰ
339 250 418 290 πασῶν
437 245 546 305 αἱρέσεων
562 265 625 304 nuper
637 258 715 302 reperto
727 254 762 293 illo
772 246 852 305 Ἧλχα-

110 314 160 368 σαΐ,·
177 320 249 371 quibus
266 318 357 358 omnibus
374 320 471 359 exarandi
487 322 551 360 modis
563 334 623 359 unam
635 320 744 359 subiectam
756 335 800 361 esse
811 324 852 361 for·

109 400 162 426 mam
174 384 253 436 taurim,
265 387 301 425 uix
312 387 387 436 poterit
398 388 490 438 negari¹3
503 394 523 426 et
535 389 553 428 si
564 388 676 427 Elcesaitae
683 387 728 437 ipso
737 389 851 439 Epiphanio

109 460 190 493 auctore
201 453 257 493 ducis
268 467 341 492 nomen
352 454 544 505 interpretabantur:
560 466 605 499 rto:
620 452 659 504 brt,
671 455 702 494 vis
715 456 832 495 abscondita
838 457 851 505 ²,

109 522 138 560 ita
153 527 243 560 nostram
259 522 426 561 conformabimus
442 523 569 571 sententiam,
587 528 610 560 ut
625 513 698 561 nomen
714 521 755 561 eius
771 525 852 574 proprie

109 595 191 628 notasse
199 589 320 628 Elcesaitam
332 602 348 628 s.
357 589 493 629 Elcoschitam
505 596 608 640 putemus,
621 596 663 628 tum
674 602 722 628 vero
734 591 852 630 translatam

111 670 155 696 esse
162 670 175 695 a
184 657 315 696 sectatoribus
326 656 403 695 eiusad
415 663 511 695 secretam
522 658 577 696 illam
588 662 715 707 potestatem,
724 669 784 707 quarn
795 659 850 710 inge·

110 724 144 762 nio
158 725 199 763 eius
212 724 308 762 contineri
320 724 432 772 crederent,
443 725 465 762 id
477 726 531 776 quod
542 724 585 763 fieri
597 737 621 762 eo
632 725 710 763 facilius
719 726 795 775 potuit,
808 740 852 765 cum

112 791 198 831 Galilaei
213 792 227 830 l.
247 801 259 840 p
280 804 321 829 uon
336 791 394 829 aliter
405 793 536 842 pronuntiare
548 794 635 831 solerent
650 805 710 843 quam
731 792 762 834 2³·
786 794 853 843 Quare

110 860 156 898 licet
167 872 208 897 uon
220 865 273 897 certo
285 859 331 897 inde
342 860 444 908 probetur,
457 861 498 899 veri
510 866 576 898 tamen
588 859 672 898 similius
685 860 785 909 redditur,
798 862 852 912 quod

110 927 131 965 iu
142 926 259 965 Palaestina
270 927 325 965 vicus
338 926 418 977 quidam
431 927 480 966 situs
493 934 536 966 erat
546 927 642 966 Ellrosclr.

144 996 165 1046 3)
181 994 265 1032 Temere
280 999 346 1032 autem
357 993 468 1033 Hrrzrcrus
484 1001 503 1034 et
514 993 649 1034 mucianus*
660 994 780 1047 Hieronymi
798 995 852 1034 testi-

111 1061 200 1099 monium
215 1074 287 1111 angere
303 1061 341 1100 sibi
356 1061 449 1100 uidentur
464 1075 499 1110 eo,
520 1064 574 1114 quod
589 1062 738 1100 celeberrimum
758 1063 853 1113 oppidum

112 1128 238 1179 Gapernaum
251 1127 403 1182 Ilecaepvaoipr
425 1142 441 1168 s.
456 1126 621 1181 Κεφαρναοῦμ)
641 1129 710 1180 aliqua
727 1143 771 1168 cum
782 1135 852 1168 nostro

111 1195 204 1235 Nahumo
216 1196 313 1234 contineri
324 1197 401 1235 ratione
413 1195 533 1236 existimant.
551 1195 618 1234 Probe
630 1197 710 1247 quidem
722 1210 794 1235 nomen
803 1197 853 1234 illud

111 1276 152 1301 non
163 1263 318 1313 interpretantur
330 1264 441 1314 „oppidum
453 1263 545 1311 solatii,“
562 1264 591 1302 uti
603 1264 678 1314 placuit
689 1264 801 1310 nonnullis,
819 1264 854 1303 sed

114 1331 184 1379 „vicus
195 1330 320 1378 Nahumi“⁵;
337 1332 374 1370 hoc
391 1338 457 1370 tamen
469 1331 495 1368 ad
506 1330 592 1381 aliquem
605 1331 685 1369 omnino
697 1331 812 1370 Nabumum
823 1344 854 1369 rc-

110 1399 213 1437 serendum
229 1405 269 1446 est3
284 1404 366 1437 nostrae
381 1398 494 1449 quaestioni
512 1398 548 1435 lux
559 1398 606 1436 inde
625 1399 692 1437 afferri
703 1399 759 1437 nulla
773 1399 853 1449 poterit.

111 1466 165 1504 Nam
177 1466 243 1504 Elcesi
255 1467 359 1517 antiquum
370 1467 423 1505 forte
435 1465 505 1516 oppidi
517 1464 642 1515 (lapernaum
657 1466 720 1505 tuisse
735 1479 818 1514 nomen,
833 1466 854 1503 in

111 1533 136 1571 V.
146 1533 171 1571 T.
183 1546 223 1571 noa
236 1534 396 1581 commemorati,
412 1533 496 1584 cogitari
508 1532 588 1570 omnino
599 1533 680 1583 nequit,
698 1546 742 1572 cum
753 1533 854 1583 Hierony-

111 1614 164 1638 mum
181 1601 221 1638 tale
237 1601 286 1650 quid
302 1601 371 1651 fugere
387 1614 429 1639 non
444 1599 554 1646 debuisset3
571 1601 635 1650 probe
651 1601 712 1650 igitur
726 1600 788 1638 Hrrz.
804 1601 856 1639 banc

112 1663 225 1718 opinionem
236 1669 257 1706 in
269 1668 308 1706 Ima
320 1681 390 1706 comm.
409 1668 455 1706 edit.
472 1667 591 1705 declaratam
606 1668 627 1705 in
639 1667 702 1706 altera
717 1668 817 1714 destituit3
834 1674 856 1706 at

112 1749 137 1773 ne
148 1736 187 1773 hoc
198 1735 279 1786 quidem
290 1735 361 1773 coniici
372 1740 449 1785 potest,
465 1734 580 1773 Nalmmum
591 1733 657 1773 Elcesi
672 1740 742 1773 natum
755 1734 855 1785 Capera-ai

112 1803 202 1853 degisse3
211 1815 258 1840 narn
267 1816 311 1841 cum
320 1803 357 1841 sub
366 1803 459 1841 blanasse
468 1808 487 1840 et
492 1801 658 1840 Assarrhaddone
667 1807 720 1840 esset
728 1803 855 1851 vaticinatus,

111 1870 166 1920 regio
179 1875 245 1908 autern
256 1870 292 1908 illa
303 1883 321 1907 a.
334 1873 367 1907 7²22
380 1884 392 1907 a
404 1869 555 1909 Salmanassare
567 1874 619 1907 esset
631 1874 737 1917 evacuata,
755 1870 798 1908 fieri
815 1882 855 1907 non

111 1937 177 1987 potuit
187 1943 210 1975 ut
221 1937 255 1975 diu
266 1937 295 1975 ibi
307 1944 472 1984 commoraretur,
485 1950 509 1974 ne
523 1936 587 1975 dicam
602 1943 694 1986 posteras
704 1942 772 1987 gentes
781 1937 854 1987 oppido

112 2005 157 2042 inde
169 2005 289 2054 imposuisse
300 2018 378 2043 nomen.

145 2074 166 2123 4)
177 2071 220 2110 lam
228 2067 279 2110 'vero
292 2072 310 2111 si
322 2085 365 2110 cum
378 2086 412 2120 eo,
425 2072 479 2123 quod
488 2072 590 2122 hucusque
599 2071 756 2120 elaboravimus,
767 2071 856 2110 Nahumi

112 2152 250 2190 comparamus
266 2140 391 2188 vaticinium,
409 2139 487 2190 egregie
508 2144 614 2189 utrumque
634 2139 723 2177 videmus
745 2139 855 2177 concinere.

113 2207 200 2246 Omnino
213 2209 264 2245 euim
276 2208 297 2259 a)
309 2207 455 2255 Israelitarum,
468 2208 535 2245 decem
548 2206 634 2244 tribuum
644 2207 699 2254 dico,
712 2207 786 2245 nullam
795 2207 856 2245 habet

111 2275 219 2323 rationem,
231 2276 283 2313 inter
295 2288 345 2326 quos
358 2275 451 2323 vixisset,
465 2275 481 2312 si
493 2275 514 2312 in
527 2274 612 2324 Assyria
624 2274 683 2313 situm
696 2274 855 2320 essetEllroscl13

113 2355 197 2393 quorum
215 2349 267 2381 certe
282 2348 457 2382 commemorasset
472 2342 592 2392 pericnlum,
608 2342 629 2380 in
642 2355 681 2389 quo
694 2342 855 2393 aggredientibus

112 2410 242 2460 Assyriorum
259 2410 350 2448 hostibus
365 2411 386 2448 in
407 2410 480 2448 vicinia
497 2409 546 2447 Nini
565 2411 707 2457 rersabauture
727 2423 773 2448 nam
789 2406 855 2451 'tauma

149 2553 164 2593 1)
177 2552 213 2586 Cfr.
226 2552 320 2584 Danrrscu
333 2551 344 2584 l.
353 2550 364 2583 l.
376 2562 392 2593 p.
402 2552 431 2585 43.
444 2552 561 2584 Hnrvannrcn.
573 2549 617 2583 Einl.
631 2551 658 2592 H,
671 2552 692 2592 b,
704 2552 743 2584 377.

148 2609 165 2648 2)
177 2609 217 2642 Non
229 2619 317 2641 moramur
329 2609 401 2641 aliorum
414 2608 540 2651 interpretandi
553 2612 633 2648 eonatuS,
646 2610 674 2649 qui
683 2609 766 2640 sermonis
775 2609 856 2650 neglexe-

114 2670 153 2698 runt
164 2666 220 2707 lege55
233 2667 366 2699 eanaurzscn.
379 2667 390 2698 l.
400 2667 411 2698 1.
424 2665 485 2698 saun
498 2665 509 2697 1.
518 2666 529 2697 l.
542 2666 591 2707 pit.
599 2668 627 2698 tr.
641 2666 727 2699 Gramma
734 2666 756 2699 Il.
764 2667 785 2700 G.
794 2666 809 2707 I,
818 2667 855 2698 143.

149 2722 166 2763 3)
178 2722 214 2755 Ct'r.
227 2723 325 2755 Durrrzscu.
337 2724 349 2755 l.
358 2724 369 2755 l.
382 2734 398 2766 p.
407 2723 434 2756 44.

148 2779 166 2819 4)
179 2779 307 2823 Prophetismus
320 2781 350 2813 der
361 2781 440 2813 Hebrder
451 2780 478 2818 ΙΙ,
492 2791 508 2821 p.
517 2781 555 2811 210.

149 2837 166 2875 ὁ)
179 2836 212 2869 Cfr.
225 2837 293 2871 Hirrum
305 2837 399 2870 Erdknnde
410 2838 450 2879 XV,
463 2848 479 2880 p.
488 2837 521 2870 335
532 2846 553 2869 ss.
567 2836 631 2869 Wrnaru
644 2836 663 2870 R,
672 2837 697 2870 W.
711 2847 726 2869 a.
736 2846 751 2867 r.
