1889 3264
442 316 460 340 v.
473 304 490 339 5.

129 404 203 443 Montes
215 407 359 444 corrn'cna'scmrt
370 415 435 441 coram
442 414 472 448 co,
485 409 503 440 ct
514 402 568 440 colles
579 404 693 452 liquescam
705 410 723 442 ct
734 405 840 443 conclamat

96 478 148 509 terro
161 486 210 523 proc
223 479 321 522 corzspc‘ctn
333 474 380 516 ciris,
397 477 416 508 ct
426 470 476 508 orbis
488 477 592 516 arrarum,
606 478 624 508 et
635 483 698 509 oraaes
710 475 742 521 qni
753 473 840 511 habitam

95 542 115 577 ln
126 553 153 577 co.
180 540 310 591 Progreditur
321 544 378 577 vates
390 539 416 576 ad
432 552 464 586 ea,
483 551 535 589 quae
549 538 664 578 firmissima
678 539 729 577 alias
740 540 838 587 uidentur,

95 608 122 646 ad
134 616 222 656 montes,
242 612 261 645 et
277 607 303 645 ad
319 619 397 644 onmem
413 606 493 644 omnino
505 612 602 645 terrarum
615 607 693 655 orbem,
710 620 753 645 cum
768 608 839 646 incolis

94 677 143 714 eius.
167 676 223 714 Inest
234 680 300 713 auteur
312 675 410 726 quaedam
421 675 513 725 gradatio
525 675 546 713 in
558 675 691 725 descriptione
700 688 775 724 eorum,
788 689 839 727 quae

95 743 182 795 quidque
193 743 290 793 patiatur:
307 756 361 781 mare
373 748 393 781 et
403 743 464 781 fluvia
476 742 611 791 exsiccantur,
627 744 759 793 languescunt
770 743 839 791 silvae,

94 824 154 858 arura,
169 810 254 858 lrortuli3
270 811 407 849 concutiuntur
424 815 490 849 autem
505 815 594 858 montes,
610 810 747 850 dissolvuntur
759 811 839 849 omnino

94 878 166 927 colles,
179 883 199 916 ct
210 878 303 917 atrociter
315 878 439 917 conclamant
450 878 564 928 eiulantque
576 878 684 916 animantia
697 878 774 926 omnia,
788 892 840 930 quae

94 945 149 984 orbis
162 951 259 983 terrarum
277 946 422 996 complectitur;
439 951 541 996 postremo
558 958 628 996 rupes,
647 958 687 997 quo
699 946 748 984 nihil
763 946 840 985 firmius

94 1014 208 1065 duriusque,
217 1014 336 1065 franguntur
345 1019 365 1052 et
376 1014 529 1053 contunduntur.
539 1036 563 1041 —
580 1018 641 1065 trinu,
653 1013 684 1052 cui
693 1019 801 1064 cognatum
810 1019 841 1053 est

95 1093 126 1122 mu
141 1081 176 1120 Ps.
186 1081 267 1129 XVIH,
280 1083 291 1120 8
305 1092 350 1122 mm
364 1082 412 1120 ibid.
424 1087 444 1120 et
458 1080 533 1121 asam.
542 1081 616 1129 XXH,
629 1084 640 1119 S
656 1081 681 1119 de
695 1080 797 1120 montibus
810 1082 839 1120 di-

94 1154 147 1187 etum
164 1149 223 1187 etiam
237 1149 272 1188 Ps.
281 1149 360 1198 XLVI,
376 1153 397 1198 45
417 1150 453 1187 cir.
472 1150 536 1188 simile
551 1149 629 1187 dicendi
645 1162 707 1200 genus
721 1148 765 1187 Iud.
774 1149 800 1197 V,
817 1153 839 1188 4:

95 1217 205 1265 „Domine,
223 1229 267 1255 cum
279 1217 344 1256 exires
356 1231 366 1256 c
378 1216 433 1265 Scir,
450 1230 494 1255 cunr
508 1217 610 1256 incederes
625 1217 650 1255 ab
665 1217 719 1256 arvis
730 1215 839 1264 Idumaeis,

94 1284 213 1323 contremuit
223 1290 277 1323 terra
289 1290 309 1323 et
320 1284 370 1323 coeli
382 1284 505 1324 stillaruntf‘
522 1285 557 1324 Ps.
564 1284 661 1333 LXVIH,
670 1288 691 1333 93
703 1284 762 1322 Mich.
768 1284 785 1332 I,
795 1287 812 1322 3.
821 1288 839 1323 4.

95 1363 144 1395 imo
156 1358 178 1390 ut
192 1365 252 1404 saepe
264 1365 309 1391 cum
321 1353 388 1392 verbis
396 1353 485 1401 timendi,
495 1359 515 1391 et
523 1365 614 1392 caussam
622 1358 680 1391 notat
686 1352 722 1391 ΕΖ.
728 1352 839 1400 XXXVII,

94 1422 127 1467 ⁶20,
145 1426 165 1458 et
176 1432 276 1459 recessum
287 1433 336 1470 prae
347 1421 429 1468 timore,
445 1421 480 1459 cfr.
492 1420 530 1469 III,
542 1425 563 1469 7,
579 1420 618 1459 Ies.
627 1420 689 1469 XIII,
703 1424 734 1467 133
751 1433 840 1471 synony-

94 1500 148 1525 mum
165 1500 248 1538 prorsus
265 1493 306 1536 est,
324 1489 378 1540 quod
395 1489 494 1539 sequitur,
510 1499 573 1529 uuam.
599 1488 759 1527 Hounnrmuuus
776 1501 840 1539 appo-

95 1555 143 1594 site:
161 1556 276 1594 schauerterr
289 1569 329 1595 von
345 1557 429 1595 danaen.
452 1557 528 1596 Forma
538 1556 643 1607 Hithpalel
655 1567 722 1597 tamnu
738 1556 769 1595 bis
781 1569 840 1606 prae-

95 1632 149 1662 terea
160 1624 259 1662 inuenitur
270 1625 317 1662 Am.
325 1624 368 1672 IX,
382 1627 413 1673 13,
431 1623 589 1672 Ps.OV11,ao;
605 1625 658 1663 inest
674 1624 744 1663 eadem
760 1624 840 1675 quidem

94 1696 184 1741 potestas
200 1704 224 1729 ao
239 1692 260 1729 in
272 1692 286 1729 f.
299 1691 342 1730 Kal
357 1698 376 1730 et
390 1691 432 1739 Ni,
445 1692 557 1740 diifluendi,
573 1697 596 1729 ut
611 1701 665 1743 eoo,
679 1701 736 1744 omn,
751 1697 771 1730 et
785 1702 840 1744 ρι’-π),

95 1759 171 1797 accedit
182 1764 247 1797 autem
259 1758 290 1806 id,
307 1760 361 1809 quod
372 1760 473 1810 peculiare
483 1760 529 1798 huic
541 1759 613 1810 speciei
629 1764 670 1807 est,
687 1764 707 1797 et
724 1760 779 1810 quod
790 1759 840 1797 dilu-

96 1826 139 1865 cide
150 1826 270 1877 perstrinxit
280 1826 434 1866 Dmmzsemus
442 1827 496 1865 Hab.
509 1841 529 1877 p.
536 1830 578 1865 156:
591 1827 665 1875 „Zwar
674 1826 776 1879 Wirlrung
787 1827 841 1865 einer

97 1898 192 1933 ausseren
203 1893 303 1942 Ursache,
319 1895 377 1942 aber,
389 1895 441 1933 nach
452 1895 602 1945 empfangenem
612 1894 689 1944 Impuls
700 1907 741 1933 uon
752 1897 840 1942 Aussen,

97 1962 139 2001 sich
153 1961 258 2000 innerhalb
274 1962 309 2000 des
326 1961 417 2011 Subjects
432 1962 540 2013 gleichsam
555 1961 576 2000 in
592 1962 734 2012 sortgesazten
750 1962 841 2002 Schwin-

96 2042 174 2081 gungen
191 2029 253 2069 selbst
267 2029 416 2079 vollziehend,“
438 2030 473 2069 cfr.
490 2040 562 2080 :mauu
577 2029 700 2078 orich.1,4;
715 2040 790 2071 matun
804 2030 840 2069 Ps.

96 2097 174 2146 XVIII,
182 2100 202 2145 ὃς
212 2109 292 2150 annun,
306 2108 379 2139 rauna
388 2098 427 2137 les.
432 2098 511 2146 XXIV,
521 2100 551 2146 193
567 2094 649 2148 &pipam
662 2097 732 2136 Ierem.
737 2096 773 2146 IV,
779 2100 802 2136 24
807 2098 841 2137 all.

97 2164 284 2215 Ofr.Ew.§1·24a.
308 2165 418 2205 Diffluendi
433 2171 499 2205 autem
514 2165 609 2216 cogitatio
626 2165 710 2216 proprio
726 2178 786 2205 sensu
801 2171 841 2205 sta-

96 2233 170 2271 tuenda
186 2232 233 2280 erit,
249 2232 296 2271 licet
310 2233 364 2272 intra
378 2234 485 2284 imaginem
503 2239 522 2272 et
536 2234 644 2280 visionem,
661 2246 726 2283 neque
742 2246 790 2271 vero
805 2247 842 2283 per

97 2300 245 2339 similitudinem
256 2300 338 2350 pavoris
349 2306 372 2338 ut
382 2301 417 2340 Ps.
428 2301 494 2349 CVII,
506 2304 538 2348 ac,
554 2300 627 2349 XXII,
641 2303 673 2348 153
685 2300 754 2348 XLII,
767 2302 789 2348 53
805 2313 842 2340 nec

97 2374 119 2406 ur
133 2368 205 2419 frigide
217 2367 311 2407 Gnorms
324 2381 410 2420 „aquam
427 2368 512 2417 edunt,“
525 2368 569 2406 coll.
582 2368 649 2406 Exod.
658 2367 730 2415 XVII,
743 2370 764 2415 63
779 2367 842 2407 Num.

97 2435 149 2484 XX,
162 2439 194 2483 203
212 2436 280 2475 eadem
291 2448 323 2475 res
335 2442 375 2485 est,
388 2437 433 2476 aliis
444 2437 487 2475 fere
498 2449 595 2487 expressa
605 2436 684 2484 verbis,
696 2435 735 2474 Ies.
744 2435 798 2484 LIV,
811 2440 843 2483 103

97 2502 151 2541 Hab.
160 2503 198 2552 III,
211 2507 232 2552 (33
245 2503 304 2544 Saoh.
310 2503 369 2554 XIV,
378 2509 399 2552 43
413 2505 504 2543 diffluunt
513 2510 535 2542 ut
543 2504 595 2543 nivis
604 2510 638 2543 aut
650 2517 707 2542 cerae
717 2516 767 2555 prae
777 2504 844 2542 calore

97 2577 117 2608 et
128 2570 174 2621 igne
186 2571 307 2624 (Romnum).
331 2571 373 2611 cfr.
385 2573 420 2612 Ps.
430 2572 520 2621 XCVII,
532 2574 553 2620 53
566 2572 624 2610 Mich.
634 2572 654 2620 I,
667 2575 688 2620 43
701 2571 799 2620 „materia
810 2585 844 2611 eo—

97 2651 142 2676 rum
153 2638 174 2675 in
186 2640 230 2688 agri
241 2639 344 2688 planitiem
357 2641 415 2692 qumi
427 2641 491 2680 effusa
502 2645 522 2678 et
534 2640 609 2678 deiecta
621 2642 671 2679 est.“
689 2639 788 2678 Horma.

131 2706 201 2755 Pergit
216 2710 273 2744 vates
288 2707 309 2744 in
324 2708 448 2747 hemistichio
468 2708 542 2746 altero:
567 2715 585 2745 et
600 2708 705 2745 conclamat
726 2713 778 2745 terra
795 2720 845 2758 proc

94 2775 147 2822 focio
164 2775 214 2817 citts5
232 2772 261 2811 sic
276 2774 328 2811 cuim
345 2776 402 2814 unice
412 2775 464 2815 verti
474 2787 535 2825 posse
547 2775 684 2813 contendimus
695 2779 762 2833 niam.
791 2773 845 2814 Satis

100 2847 165 2880 autem
181 2841 248 2880 varias
264 2841 285 2878 in
303 2847 371 2891 partes
386 2844 516 2894 interpretum
532 2843 606 2881 abeunt
620 2843 734 2883 sententiae,
763 2844 783 2895 1)
795 2843 846 2882 Ver-

684 2916 710 2948 2*
