1889 3264
367 357 383 394 b.
406 370 425 394 v.
436 357 511 393 11-13.

407 470 425 495 v.
439 460 467 495 11.

99 559 187 598 Tantum
199 558 266 607 abest,
282 563 305 595 ut
320 557 390 596 melior
407 558 430 597 sit
444 557 477 597 No
491 558 589 596 Ammone
600 557 676 606 Ninus,
693 547 715 596 ln
730 559 810 609 gravio-

65 642 107 666 rem
120 628 178 666 etiam
190 631 297 676 expertura
310 639 378 665 casum
390 626 420 665 sit.
436 627 503 665 Etiam
515 633 536 664 ta
546 626 671 672 tnear'atae,
684 633 722 664 estc
732 627 810 665 abscon-

67 698 118 733 dr'tn:
135 697 191 732 ettam
208 701 228 732 tn
246 706 324 744 quaeres
339 695 457 744 praesidinm
469 695 493 732 ab
505 695 569 732 torte!
585 694 692 733 Praeclare
703 696 811 733 secundum

67 756 141 802 atomi
157 762 305 801 similitudinem
323 767 429 814 utrumque
449 756 559 801 membrum
579 761 651 812 incipit
668 776 701 801 vv.
726 772 765 803 na·
779 775 811 809 nn,

67 839 88 870 tu
101 843 192 881 quoque,
209 830 267 869 sicuti
278 830 359 869 Thebae
370 831 427 879 illae,
443 837 466 869 tu
478 830 547 876 etiarn,
565 843 577 867 a
589 843 629 880 qua
640 830 681 868 tale
693 830 741 880 qnid
752 830 812 881 longe

69 900 140 937 abesse
151 897 228 947 etipsa
239 903 259 935 et
274 897 344 948 populi
361 898 403 936 fere
417 910 485 937 omnes
499 897 611 948 opinantur.
630 897 700 936 Verba
712 898 811 936 Horren.

68 971 121 1004 recte
132 966 161 1004 ait
172 978 212 1003 non
224 978 278 1003 mere
289 966 356 1003 futura
368 978 422 1014 esse,
436 967 471 1004 sed
482 966 618 1013 voluntativa,
635 966 665 1003 uti
677 978 715 1004 nos
726 965 813 1004 reddidi-

68 1046 112 1072 mus
127 1046 164 1072 sec.
177 1033 314 1072 abbreviatam
325 1033 416 1083 imperat.
428 1034 442 1074 f,
467 1045 517 1081 aaa,
529 1033 574 1071 EW.
586 1033 603 1083 ξ.
612 1035 652 1071 224.
669 1032 718 1072 Non
730 1034 812 1084 proprie

69 1107 147 1159 autem,
160 1101 195 1139 sed
206 1102 302 1140 translate
314 1101 385 1140 dicitur
393 1101 488 1140 inebriari
496 1100 569 1139 Ninus.
585 1100 684 1149 „Locutio
693 1101 743 1139 haec
751 1108 814 1141 meta-

69 1170 162 1221 phorica,
175 1169 224 1208 alibi
234 1170 256 1207 in
267 1170 341 1208 bonum
354 1182 433 1208 sensum
445 1169 579 1207 abundantiae
590 1170 689 1207 bonorum
697 1176 717 1208 et
724 1170 813 1209 laetitiae

69 1238 116 1276 hinc
126 1243 232 1288 perceptae
244 1240 337 1288 sumpta‘
351 1237 395 1288 (cfr.
407 1238 424 1286 I,
438 1239 479 1289 10),
493 1237 539 1285 „hic
551 1237 626 1275 clarum
639 1241 679 1285 est,
692 1239 746 1288 quod
758 1243 814 1277 notet

70 1305 154 1353 malum,
166 1318 207 1343 non
220 1305 300 1355 culpae,
317 1333 352 1343 ...
369 1306 404 1344 sed
415 1318 502 1355 poenae,
513 1311 610 1356 quatenus
623 1304 671 1342 dicit
681 1306 775 1344 haustum
788 1319 814 1344 ex

69 1373 142 1424 poculo
157 1372 199 1412 irae
211 1373 290 1412 divinae
301 1373 414 1421 liberalem,
432 1373 484 1411 unde
500 1372 553 1411 foret
571 1386 648 1411 summa
659 1373 777 1423 infirmitas,
794 1380 814 1412 et

69 1441 191 1491 vertiginosa
203 1441 280 1479 consilii
291 1441 371 1490 inopia,
383 1441 431 1492 quin
443 1446 463 1478 et
474 1445 545 1491 stupor
556 1440 646 1489 lethalis,
660 1441 711 1480 sicut
721 1441 743 1479 iu
753 1442 813 1480 ebriis

70 1510 119 1548 haec
134 1509 204 1547 adesse
219 1508 303 1557 solent,
311 1509 355 1546 coll.
367 1509 405 1548 Ies.
416 1508 455 1557 LI,
468 1511 496 1546 17.
508 1511 536 1546 ab.
547 1510 582 1556 21;
599 1508 636 1546 ler.
648 1508 716 1557 XXV,
730 1511 752 1547 15
764 1509 813 1548 all.“

70 1578 186 1615 Mancmns.
201 1571 254 1617 abab
273 1576 389 1626 simpliciter
406 1576 505 1626 significat
519 1576 550 1624 id,
568 1576 623 1627 quod
637 1576 696 1624 latet,
714 1579 813 1616 occultum

71 1651 111 1692 est,
128 1644 196 1695 lReg.
209 1644 241 1692 X,
254 1646 270 1682 3.
276 1658 281 1691 ;
299 1643 347 1682 Lev.
359 1645 385 1693 V,
402 1647 462 1691 2—43
479 1643 532 1681 Eccl.
549 1643 601 1691 XII,
615 1647 646 1691 143
668 1657 737 1683 sensus
754 1646 816 1696 igitur

72 1712 168 1750 enuntiati
178 1712 211 1749 hic
222 1716 261 1750 est:
278 1711 327 1772 adep
340 1712 379 1750 cris
391 1711 456 1749 deleta
468 1717 490 1749 ut
501 1711 598 1762 reliquiae
610 1716 656 1749 tuae
667 1712 744 1751 frustra
756 1726 816 1763 quae-

71 1784 150 1828 rantur,
168 1778 203 1817 cfr.
215 1778 236 1827 l,
249 1781 265 1816 8.
281 1778 311 1826 H,
325 1782 356 1827 ra;
377 1777 450 1817 Obadi·
461 1792 480 1816 v.
493 1781 514 1816 lc
531 1784 565 1826 „et
580 1779 704 1841 poculautug
716 1786 736 1818 et
748 1777 817 1831 deglnss

71 1847 132 1897 tiunt,
148 1852 208 1898 atque
219 1847 270 1885 adeo
282 1852 338 1895 suut,
356 1846 414 1897 quasi
426 1859 528 1897 nunqnam
539 1846 650 1895 fuissent,“
662 1857 695 1891 pn
711 1844 752 1890 aba
767 1859 816 1892 pm.

72 1915 133 1954 Haud
145 1928 202 1955 secus
212 1914 354 1966 interpretatur·
366 1914 481 1954 Calatinus:
500 1927 621 1963 „evanescas
638 1928 662 1953 ac
677 1914 694 1953 si
707 1928 816 1966 numquam

72 1983 154 2032 fuisses3
170 1997 217 2022 nam
231 1984 327 2023 abscondi
345 1997 404 2034 saepe
418 1983 517 2022 Hebraeis
535 1988 565 2022 est
585 1983 606 2021 in
626 1982 710 2021 nihilum
728 1984 815 2034 redigi.⁴‘

73 2050 189 2101 Gnnrrrsnr,
201 2053 280 2090 Aenea.
299 2051 356 2101 Quae
368 2065 411 2090 cum
429 2051 556 2101 simplicitate
574 2052 723 2090 commendetur
738 2057 817 2091 senten-

72 2120 112 2168 tia,
129 2120 218 2157 maxima
233 2120 363 2170 interpretum
378 2133 426 2171 pars
441 2120 480 2157 huc
495 2119 543 2158 illuc
553 2125 644 2170 vagatur.
667 2119 753 2158 Latendi
765 2120 817 2158 enim

73 2200 164 2227 caussam
176 2189 196 2239 1)
207 2188 228 2225 in
239 2192 293 2226 metu
303 2188 391 2227 hostium
402 2193 512 2239 posuerunt
523 2188 600 2236 Daue,
612 2188 690 2236 Tana,
702 2187 818 2236 Hortum,

72 2255 93 2293 id
105 2256 159 2306 quod
170 2260 247 2307 pugnat
258 2269 302 2294 cum
313 2269 332 2295 r.
345 2266 424 2303 *aarum
436 2255 496 2306 longe
505 2256 568 2295 satius
580 2257 600 2308 2)
612 2255 689 2304 Buram,
699 2254 767 2294 Uunn.
778 2268 818 2294 sec.

74 2323 131 2362 Cant.
140 2323 162 2372 I,
174 2327 185 2362 7
197 2323 269 2374 capitis
280 2323 434 2371 involutionem,
448 2324 519 2362 summi
530 2324 613 2374 pudoris
626 2323 705 2374 signum
713 2324 819 2362 intellexe-

72 2397 119 2429 runt
136 2392 171 2429 cfr.
188 2391 293 2430 Hancsrn.
310 2405 328 2430 a.
340 2392 359 2430 h.
372 2392 397 2439 l.;
416 2390 442 2429 ad
458 2404 516 2443 quem
533 2392 575 2430 fere
590 2404 671 2431 sensum
685 2398 820 2442 pervenerunt

72 2457 133 2497 LXX
145 2452 332 2513 ὑπερεωραμένη,
348 2459 439 2498 Humor.
451 2459 490 2498 eris
502 2460 606 2510 despecta,
619 2459 700 2506 linun.;
715 2464 782 2497 tamen
800 2465 820 2498 et

72 2527 130 2564 verbi
141 2527 197 2564 notio
210 2532 229 2565 et
241 2539 305 2565 nexus
317 2527 459 2567 sententiarum
475 2532 494 2565 et
507 2527 598 2566 Obadiae
610 2527 693 2577 insuper
708 2526 818 2566 similitudo

72 2600 162 2632 nostram
174 2594 257 2633 suadere
268 2594 452 2645 interpretationem
464 2594 561 2633 videntur.
584 2596 605 2647 3)
618 2593 749 2646 Singulariter
760 2595 818 2643 Em,

72 2661 134 2701 Hrrz.
153 2663 256 2714 caliginem
274 2663 336 2703 oculis
353 2664 437 2703 offusam
454 2663 567 2714 proferunt3
589 2663 689 2703 Hrrzrcro
707 2664 760 2703 enim
775 2675 820 2714 aar

72 2729 147 2770 Thren.
159 2731 190 2780 ll,
204 2734 225 2770 19
237 2738 268 2770 est
278 2728 357 2783 ²de
368 2732 429 2784 idque
440 2728 533 2774 :0va

72 2816 208 2823 Ἄ

108 2885 124 2925 t)
137 2885 197 2920 cara
213 2890 230 2918 et
241 2885 329 2918 Knnudrn.
346 2896 376 2929 pro
392 2896 440 2919 more
456 2896 486 2919 suo
503 2885 525 2918 ad
538 2886 606 2919 Arabes
621 2885 731 2928 confugiunt,
747 2889 764 2917 ct
781 2894 822 2917 cum
