1889 3264
353 176 401 215 Car.
410 176 450 224 ΙΙΙ,
464 188 482 214 v.
493 180 509 214 4,

61 304 143 344 liehkeit
160 304 194 342 der
205 303 291 342 Leiehen
307 300 490 348 uer-anselraulieht,
507 300 636 339 sohiokliolrer
652 300 703 338 ohne
719 300 751 339 die
767 299 806 339 Go-

27 360 30 364 ¹
61 374 110 423 pula
121 372 174 411 steht
179 374 204 420 ;“
217 371 279 409 tutius
291 368 329 407 erit
339 367 445 406 tectionem
457 368 534 419 aliquot
545 369 593 407 libb.
603 368 652 406 Mss.
666 374 685 405 et
698 369 806 406 editionum

62 440 118 491 sequi
131 440 174 490 (ofr.
186 439 202 476 I.
212 438 239 477 H.
249 438 312 475 Mron.
326 441 393 473 annot.
406 441 426 473 et
433 436 636 474 Rosmtmmmnm
645 449 663 473 a.
672 436 692 473 h.
701 436 726 486 l.)
739 432 804 497 araga

63 509 90 546 uti
102 508 131 555 ll,
145 512 166 555 6,
183 507 219 545 fut.
231 505 276 552 Ni,
293 504 324 542 oui
336 503 458 541 contrarium
470 517 513 543 esse
525 505 604 554 nequit,
621 504 673 554 quod
687 503 747 542 Hrrz.
761 517 805 554 spo-

62 576 111 614 eiem
123 574 156 613 Ni.
169 573 256 612 maxime
268 585 304 621 per
316 569 464 610 similitudinem
477 572 576 609 enuntiari
588 571 698 619 contendit,
716 585 761 609 uam
774 572 806 609 hie
854 596 856 598 v

62 655 141 693 quoque
153 641 249 679 translate
261 639 329 690 potius
342 638 416 677 dietum
428 639 519 688 uidetur,
539 645 558 678 et
572 639 694 689 respondere
710 639 806 690 quodam-

61 710 120 748 modo
132 722 165 746 uv.
178 718 223 757 usp
242 716 293 757 par,
309 706 368 745 sicuti
385 706 498 747 Lurunnus
513 707 609 746 reddidit:
626 707 688 756 7,dass
699 720 745 744 man
758 708 807 745 iiber
855 736 857 743 ,

60 778 103 815 ilrre
114 776 234 814 Leiohname
245 775 307 814 fallen
318 777 394 814 muss.“

374 1014 390 1050 b,
409 1026 426 1050 v.
439 1016 499 1050 4-7.

95 1115 137 1153 Iam
151 1127 197 1153 uero
210 1120 266 1153 vates
277 1121 372 1153 reuocata
382 1114 404 1152 in
418 1113 535 1152 memoriam
551 1119 620 1152 tantae
637 1113 711 1164 stragis
728 1127 806 1162 caussa,

60 1184 176 1221 immanium
188 1183 308 1233 flagitiorum
321 1182 477 1230 multitudinem,
490 1182 551 1221 scorti
563 1182 649 1232 imagine
662 1182 758 1230 adhibita,
767 1184 807 1220 As-

60 1251 159 1301 syriorum
175 1250 249 1289 seelera
266 1250 286 1288 in
302 1256 371 1301 gentes
386 1255 502 1300 perpetrata
517 1250 613 1299 proponit
626 1264 643 1287 v.
656 1254 678 1297 4,
697 1250 742 1288 dein
763 1250 807 1288 fore

62 1324 164 1357 asseverat
178 1324 201 1356 ut
216 1318 326 1368 ignominia
342 1330 411 1356 eorum
422 1318 501 1367 publice
513 1331 526 1355 a
537 1317 626 1355 Domino
639 1318 761 1356 exercituum
774 1318 807 1355 de-

62 1392 140 1436 tegatur
152 1399 170 1423 u.
180 1388 197 1433 5,
210 1386 249 1435 ipsi
260 1387 281 1423 in
293 1385 439 1424 atrocissimum
451 1391 493 1423 tam
502 1391 628 1435 peecatorum
641 1399 659 1423 v.
670 1388 679 1423 G
692 1398 752 1436 quarn
761 1398 807 1434 sup--

61 1454 114 1505 prieti
127 1455 200 1492 abeant
211 1454 325 1503 exemplum
336 1468 355 1492 u.
364 1457 381 1491 7.

410 1636 428 1659 v.
440 1626 457 1660 4.

94 1724 178 1773 Propter
193 1725 328 1762 rrirdn'todiaem
344 1726 479 1762 scortationum
494 1726 561 1769 scorti,
579 1730 667 1761 tentatae
683 1726 806 1773 pretiositate,

61 1794 162 1841 ottonianae
170 1794 329 1842 praestipiaram,
345 1805 393 1841 quoe
404 1791 495 1830 pendebat
503 1793 584 1841 popalus
596 1794 666 1841 stupris
679 1795 717 1830 sois
733 1799 750 1830 et
761 1805 806 1840 pon-

61 1866 87 1897 tet
101 1862 212 1909 praestantis
227 1862 270 1898 sais.
305 1858 438 1898 Soor'tationis
459 1859 568 1898 similitudo
589 1860 673 1898 diversis
693 1860 806 1899 rationibus

61 1927 159 1965 translata
169 1928 191 1965 in
202 1928 223 1965 ll.
236 1939 262 1966 ss.
271 1928 380 1977 reperitur,
396 1927 492 1977 primum,
509 1934 531 1964 ut
548 1927 645 1965 defectum
658 1941 670 1966 a
681 1927 769 1965 Domino
786 1935 806 1965 et

60 1995 194 2033 idololatriam
207 1995 313 2045 significet,
326 1996 413 2033 maxime
426 1995 449 2032 de
458 1995 533 2032 lsraele
545 1995 629 2043 dietum,
643 1996 749 2033 seeundum
760 2008 806 2033 eon-

60 2062 109 2112 iugii
120 2063 227 2112 imaginem
242 2063 264 2101 in
276 2062 359 2102 Cantieo
376 2063 489 2112 expositum
506 2068 525 2101 et
537 2062 618 2102 Hoseae
633 2058 712 2113 praeter
729 2068 806 2102 eeteros

61 2130 161 2168 usitatum.
179 2130 211 2168 Ita
222 2140 312 2168 nostrum
324 2131 390 2169 looum
401 2131 544 2180 interpretatus
556 2136 586 2169 est
599 2129 705 2177 GRO'HUs3
724 2136 745 2168 at
756 2131 806 2169 nibil

60 2197 92 2234 hio
109 2198 133 2234 de
149 2197 203 2235 eultu
218 2198 310 2245 deorum,
327 2198 376 2236 uilril
392 2199 416 2235 de
432 2198 527 2236 destituta
543 2199 574 2236 dei
589 2198 647 2236 unius
662 2198 745 2248 verique
760 2199 806 2237 reli-

61 2265 125 2315 gione.
143 2265 186 2302 lmo
199 2265 262 2303 altera
273 2265 407 2304 similitudinis
419 2266 471 2304 ratio
484 2265 600 2315 accipienda
611 2271 651 2313 est,
665 2278 735 2316 quani,
752 2266 805 2304 refu-

61 2337 103 2370 tatu
113 2331 191 2371 Gnosii
199 2333 302 2382 opinione,
312 2334 402 2383 praecise
411 2333 612 2372 definivitHnuosre.
621 2334 686 2383 Apoo.
695 2332 717 2370 ll
722 2364 727 2382 ,
736 2346 756 2383 p.
763 2336 804 2372 145:

62 2400 108 2447 „die
125 2400 145 2437 in
162 2401 197 2439 das
213 2399 305 2439 Gewand
321 2401 356 2439 der
371 2401 433 2439 Liebe
449 2401 490 2439 sich
505 2401 598 2439 htllende
613 2401 653 2439 und
670 2407 727 2439 unter
743 2402 805 2440 ilrrenr

61 2465 145 2506 Soheine
156 2467 298 2520 Befriedigung
308 2469 342 2508 des
351 2469 433 2519 eigenen
443 2467 536 2507 Gellistes
548 2469 647 2508 snohende
658 2468 805 2515 Setbstmchaf‘

61 2533 174 2585 Cogitanda
190 2543 236 2575 sunt
250 2537 311 2587 igitur
323 2537 409 2584 „dolosa
424 2537 506 2575 foedera
516 2536 562 2584 illa,
580 2536 652 2587 quibus
669 2537 720 2575 alias
737 2544 806 2587 gentes

61 2604 87 2640 ad
99 2616 120 2641 se
131 2609 272 2653 pertraxerunt
283 2605 365 2655 Assyrii
377 2610 396 2643 et
407 2604 446 2643 sibi
457 2605 538 2643 tandem
550 2605 699 2653 subiecerunt,“
713 2606 806 2652 Asana,

61 2669 137 2718 Cam„
157 2671 173 2709 I.
187 2672 212 2710 D.
224 2672 298 2721 llrora,
316 2672 410 2720 Kanum,
426 2671 600 2720 llnun.‚Un1ssn.,
614 2672 675 2710 Hrrz.
688 2672 721 2710 all.
749 2672 806 2721 Quae

60 2738 198 2789 interpretatio
211 2752 271 2789 quarn
283 2739 310 2778 sit
320 2740 393 2779 idonea
403 2746 423 2779 et
434 2741 491 2778 unice
503 2740 561 2779 simul
573 2740 705 2788 admittenda,
723 2753 734 2777 e
745 2740 805 2778 oolla-

61 2806 86 2844 tis
99 2820 130 2845 vv.
141 2810 149 2844 l
163 2812 182 2845 et
194 2811 225 2845 l-
233 2811 254 2855 t,
271 2809 375 2859 magisque
391 2808 451 2847 etiam
463 2821 473 2846 e
485 2808 567 2859 reliquis
579 2821 649 2847 versus
663 2808 727 2847 nostri
738 2808 805 2846 verbis

61 2874 110 2912 satis
123 2887 221 2925 superque
233 2881 322 2926 apparet.
342 2876 357 2913 1.
367 2876 394 2914 H.
405 2876 480 2922 Mica,
492 2876 594 2915 Kimissa.
607 2882 713 2926 utrumque
725 2887 806 2914 sensum

696 2979 716 3030 l
