1889 3264
359 176 407 216 Cur.
417 177 438 215 H
444 206 449 223 ,
461 190 480 215 r.
490 180 508 215 4,
774 173 802 218 bl

63 304 165 351 boreum,
178 300 296 350 Sounoua,
309 301 420 348 Mancino,
433 300 478 338 aliis
491 311 604 351 cupressus,
616 300 687 339 Iusrro
699 299 732 339 all.
745 300 806 351 idque

64 371 170 410 secundum
185 371 241 410 locos
258 384 271 409 a
287 369 382 409 Gusuuro
399 367 449 406 thes.
466 380 484 405 a.
502 380 521 406 u.
539 367 633 406 collectos
649 367 728 406 videtur
743 369 806 407 satius

10 489 12 491 v
64 451 119 486 esse,
135 437 173 477 Ies.
191 438 235 485 LV,
248 440 279 484 133
295 436 346 475 Hos.
358 433 416 481 XIV,
430 437 440 472 9
456 434 490 472 all.
513 434 600 485 Propius
612 440 678 473 autem
689 447 759 474 sensus
770 436 807 474 rix.

65 505 178 543 retinendus
190 505 237 552 erit3
250 518 309 551 nam,
322 502 377 551 quod
385 501 461 551 placuit
472 502 583 541 nonnullis:
593 502 666 550 „sicuti
675 503 750 541 abietes
759 515 806 541 con-

65 568 206 620 tr'enriscunt,“
222 571 266 609 vel:
283 570 380 619 „arbores
395 568 449 607 intra
464 570 568 620 pomoeria
585 569 640 608 urbis
651 569 754 619 plantatae
765 570 807 609 siue
842 593 843 596 =

65 641 123 679 aedes
139 652 164 677 ex
179 640 234 689 tigno
251 639 335 687 abiegno
359 639 508 685 constructae,“
531 637 614 687 probari
632 636 707 675 nemini
726 638 806 687 poterit.

64 706 200 757 Metaphoriee
207 705 268 756 igitur
275 718 316 743 non
324 711 427 754 magnates
439 703 501 754 (lou,
510 703 598 753 Krrrenr,
608 704 696 753 Annus,
704 704 807 757 Varini.)

65 774 97 813 vel
108 774 163 812 uiros
174 775 265 812 hastatos
277 772 403 823 (Burrum.)
413 772 555 823 intelligemus,
569 773 604 811 sed
611 772 700 811 hastase
712 784 807 822 cupresso

65 841 184 887 fabricatas,
196 839 355 890 impugnantium
366 839 458 877 manibus
471 846 577 890 quassatas
589 838 683 890 (Geor),
699 839 728 877 ita
739 844 762 877 ut
774 839 807 878 sil-

66 920 112 946 uum
124 908 166 945 fere
177 907 265 945 abietum
277 912 336 946 vento
348 906 445 956 agitatam
456 911 543 957 aequent
553 905 681 956 (erramus,
690 906 807 954 Knurusnr,

66 975 137 1025 Hrrz.)
149 973 220 1022 LXX,
236 986 249 1012 3
264 975 347 1013 confuso
357 986 402 1011 curn
417 985 439 1023 n,
452 972 504 1024 syro
514 979 618 1025 sequente,
630 974 705 1012 habent
726 966 748 1012 ol
769 967 808 1012 irt-

66 1039 117 1087 πεῖς
135 1035 344 1096 θορυβηθήσονται.
367 1041 487 1089 irruemus,
503 1041 538 1093 qui
552 1042 591 1080 hoc
607 1053 686 1092 quoque
701 1041 722 1079 in
737 1052 809 1091 genere

68 1109 158 1148 diversos
170 1122 204 1148 vu.
221 1109 253 1147 dd.
270 1109 329 1147 affert
344 1108 447 1158 opiniones
460 1115 479 1147 et
491 1114 613 1156 commenta,
630 1121 682 1159 quae
693 1121 809 1147 enumerare

68 1177 150 1226 longum
161 1182 202 1224 est,
214 1176 258 1227 ipse
272 1189 313 1214 non
328 1176 392 1225 videt,
409 1188 444 1214 cur·
456 1177 480 1214 de
490 1177 540 1226 ipsis
552 1176 642 1214 curribus
654 1177 721 1228 quoad
731 1181 809 1226 partem

68 1256 136 1282 eorum
147 1242 234 1297 ligneam
246 1243 346 1295 quassatis
359 1249 378 1281 et
390 1256 434 1281 cum
446 1250 532 1283 tremore
542 1244 602 1282 motis
618 1256 659 1281 non
675 1244 773 1294 cogitetur
784 1266 808 1272 »-

68 1317 89 1350 at
102 1310 161 1348 facile
171 1298 298 1361 intelligitur,
310 1323 402 1349 curruum
414 1311 474 1349 citato
487 1324 546 1350 cursu
557 1312 678 1361 agitatorum
686 1311 762 1362 lignum
770 1324 809 1350 non

69 1377 157 1428 conspici
169 1385 265 1427 tremens,
281 1379 316 1416 sed
331 1378 394 1416 multo
409 1378 474 1429 magis
485 1379 553 1417 hastas
565 1379 590 1417 ab
602 1379 684 1417 armatis
697 1384 809 1430 quassatas.

68 1443 108 1487 buu
124 1446 180 1483 verbi
194 1446 259 1496 specie
270 1445 328 1483 unice
338 1446 371 1483 hic
384 1446 466 1496 legitur;
482 1446 538 1484 notio
556 1445 653 1484 tremendi
668 1452 688 1484 et
702 1446 811 1485 vacillandi

69 1525 113 1550 curu
126 1525 151 1550 ex
163 1513 208 1552 aliis
219 1513 290 1552 formis
302 1513 378 1551 eluceat
389 1510 468 1563 (obstin
480 1513 574 1552 titubatio
586 1513 621 1552 Ps.
633 1513 682 1562 LX,
692 1516 714 1561 5;
727 1513 765 1553 Ies.
775 1514 810 1562 LI,

70 1583 98 1618 17.
110 1583 132 1617 22
145 1585 164 1618 et
175 1576 214 1621 bna
227 1579 285 1620 sach.
296 1580 349 1629 XII,
361 1583 382 1628 23
394 1580 432 1619 Ies.
444 1580 486 1629 HI,
499 1582 530 1632 lc)
541 1586 583 1619 turn
595 1595 608 1619 a
620 1579 760 1621 Sennonnnno
772 1582 786 1620 l.
795 1582 809 1619 l.

69 1648 204 1686 demonstrata
216 1653 255 1696 est,
267 1648 359 1687 refutatis
371 1647 498 1699 opinionibus
508 1647 669 1687 Goussnrnlex.
681 1662 701 1699 p.
711 1651 762 1697 1522,
775 1649 810 1699 qui

70 1716 170 1763 „rubrum
182 1717 243 1755 esse“
255 1716 334 1754 statuit:
352 1720 456 1765 „possunt
466 1716 522 1754 rubri
533 1716 576 1754 fieri
588 1715 694 1766 sanguine,
713 1729 753 1767 quo
769 1716 810 1754 ine-

70 1782 130 1821 briati
141 1795 190 1832 prae
201 1783 259 1832 copia
270 1782 384 1830 videantur,
400 1788 460 1833 atque
476 1783 526 1821 adeo
540 1784 595 1821 viros
607 1783 703 1821 ebrietate
717 1784 810 1822 rubentes

69 1850 167 1898 referre,“
180 1854 200 1887 et
211 1850 358 1897 Rabbinorurn,
371 1850 405 1900 qui
417 1851 506 1900 tegendi,
519 1851 620 1900 operiendi
628 1850 761 1900 significatum
770 1856 810 1889 tra-

70 1917 124 1955 dunt.
144 1915 263 1956 Goussurro
276 1917 311 1955 alii
322 1917 442 1965 assentiunt,
456 1918 490 1968 qui
502 1919 526 1955 de
537 1918 611 1965 hastis,
624 1917 744 1967 Scytharum
755 1931 811 1956 inore
840 1947 843 1950 .

70 1984 136 2023 tinctis
148 1985 255 2034 cavillant,
268 1985 368 2033 bassin,
381 1984 461 2033 (laon,
477 1985 556 2033 Deus,
572 1985 593 2023 id
605 1985 659 2037 quod
670 1991 768 2036 repugnat
780 1998 812 2024 or-

70 2052 112 2090 dini
124 2054 275 2091 sententiarum:
288 2058 394 2092 narrantur
406 2053 457 2091 enirn
470 2066 493 2092 ea
505 2066 556 2104 quae
565 2052 712 2103 conspiciuntur
722 2053 812 2091 curribus

71 2120 288 2171 appropinquantibus,
309 2134 346 2159 nec
366 2133 417 2171 quae
436 2120 491 2158 facta
509 2120 583 2159 dudum
603 2126 662 2159 antea
682 2125 734 2159 sunt.
750 2143 775 2148 -
790 2119 813 2160 Si

71 2187 183 2238 quaeritur,
199 2188 264 2226 sintne
275 2188 367 2226 manibus
379 2188 463 2226 militum
474 2184 565 2226 vibratae
576 2189 657 2226 lanceae
669 2187 769 2238 (Manu),
786 2201 812 2225 an

72 2255 155 2292 tremulo
170 2267 262 2293 curruum
281 2260 337 2293 motu
352 2260 459 2306 quassatae
471 2254 599 2306 (Hormou),
615 2259 700 2305 utraque
715 2255 814 2293 sententia

72 2334 116 2360 cunr
127 2322 191 2360 altera
202 2322 339 2373 coniungenda
350 2322 434 2361 uidetur.
447 2344 472 2349 —
485 2321 567 2361 (laurio
579 2323 600 2361 in
608 2327 665 2361 textu
674 2322 813 2361 aMasoretlris

72 2390 146 2429 tradito
157 2403 273 2441 permanere
285 2391 355 2429 durum
368 2397 407 2439 est;
419 2390 468 2441 legit
478 2390 539 2442 igitur
550 2387 628 2445 stupu,
646 2390 748 2429 turmatim
760 2395 813 2437 eunt,

72 2455 127 2499 aava
142 2459 193 2497 enim
206 2460 254 2498 dicit
265 2471 308 2498 esse
320 2464 405 2497 turmam
417 2458 489 2509 viginti
503 2459 536 2498 vel
547 2444 630 2510 triginta
641 2458 725 2497 militum
737 2481 762 2486 -
774 2470 814 2509 quo

72 2526 107 2564 vix
119 2525 214 2576 languere
226 2527 335 2578 quidquam
346 2527 437 2566 miserius
448 2518 521 2576 potest.

421 2658 440 2682 v.
452 2646 469 2682 5.

107 2728 134 2766 Ic
148 2729 195 2766 uictu
209 2730 307 2767 taratrum
317 2740 394 2775 castrus,
413 2730 540 2767 corruantur
554 2728 634 2780 pluteis:
650 2734 736 2778 aspectus
751 2740 815 2766 carran

73 2799 135 2835 instar
143 2798 221 2847 fuctum
238 2799 288 2836 uetur
295 2798 376 2847 ficlpora
386 2804 449 2836 rrtrtot.
482 2796 616 2836 continuatur
628 2797 726 2835 exercitus
737 2795 817 2835 hostilis

75 2865 192 2916 descripta
205 2879 223 2904 u.
233 2869 245 2903 l
257 2865 419 2916 appropinquant
433 2878 443 2903 e
454 2865 571 2917 longinquo,
584 2867 619 2903 νὴ
631 2865 714 2915 propius
726 2863 817 2915 aggredi-

114 2988 120 3013 >
