1889 3264
80 126 109 171 58
357 131 405 170 Oine.
415 133 444 180 H,
457 145 475 170 u.
487 135 538 170 125.

78 254 129 292 illita
144 254 223 301 colore,
240 254 338 306 hodieque
350 254 482 305 eonspieuo¹;
500 260 522 293 at
532 268 591 303 vere,
604 256 621 293 si
633 256 731 306 fulgorem
743 255 818 307 signiti-

79 335 124 360 care
136 321 232 360 voluisset
243 327 312 369 vates,
325 335 358 360 eur
370 335 410 360 non
423 322 468 360 aliIs
477 321 559 360 vocibus
571 335 619 362 usus
631 323 698 364 esset?
711 325 731 375 2)
743 323 818 372 Giton,

78 390 157 427 Annua.
171 389 195 427 de
207 389 282 439 clypeis
295 389 405 429 occisorum
414 389 509 440 sanguine
517 390 583 429 tinctis
592 391 705 440 cogitarunt
714 403 752 429 sec.
758 391 818 429 Deut.

79 456 174 504 XXXII,
188 459 217 494 42.
230 456 268 496 les.
278 456 357 505 LXIII,
370 460 391 504 ὓς
408 457 479 508 quibus
492 458 570 506 obstat,
587 458 641 508 quod
654 458 749 496 eiusmodi
761 470 818 508 aspe-

80 530 132 563 ctum
140 525 281 574 nonpraebent
287 524 352 574 clypei
361 524 471 563 commissis
479 524 518 563 iam
524 525 622 573 manibus,
628 525 663 563 sed
670 530 716 563 ante
724 536 818 575 pugnam,

80 601 137 634 timu
152 602 203 635 mm.
225 592 245 642 3)
261 591 333 630 Restat
348 597 370 629 ut
385 597 420 630 aut
435 604 496 641 cupro
511 592 576 630 factos
588 592 669 642 clypeos
685 592 819 642 intelligamus

79 659 160 711 (Hui.)
170 660 214 698 coll.
226 659 312 701 Iosnnffl
321 659 381 697 Areh.
390 659 452 707 XIII,
466 662 497 707 12,
512 661 533 706 5,
546 664 581 697 aut
591 660 652 697 rubro
664 659 731 697 colore
746 660 819 698 tinctos

79 726 174 776 (Tuan,
193 726 265 773 Dius,
285 724 360 774 Canu,
381 726 458 774 Euan,
476 725 595 778 Hostum),
616 728 649 765 vel
664 732 686 765 ut
700 732 820 765 terrerentur

79 796 158 842 hostes,
170 795 212 843 vel,
224 783 249 831 ne
261 799 353 832 manante
365 794 461 845 sanguine
472 794 559 833 animum
571 795 616 845 quis
628 794 725 834 deiiceret.
743 794 819 833 Utcun-

81 876 119 913 que
134 868 175 911 est,
193 866 248 901 vates
262 873 302 899 non
317 862 347 899 rei
362 862 436 912 ipsius,
457 863 492 901 sed
508 861 629 912 symbolicae
644 862 728 901 rationis
740 875 818 910 caussa,

51 952 60 956 -
80 943 131 981 quae
147 930 207 968 rubro
224 929 286 966 colori
299 923 363 976 inest,
379 930 419 968 tale
436 929 650 980 quidconimemorare
664 930 747 968 videtur.
769 928 820 968 Sunt

80 1002 145 1035 autem
157 998 225 1035 variae
236 996 292 1033 rubri
304 973 376 1034 coloris
388 996 409 1033 in
419 996 440 1033 ll.
453 1009 479 1034 ss.
493 996 658 1046 significationes,
676 1010 727 1048 quae
743 1010 756 1034 a
767 1009 820 1034 com-

80 1064 135 1102 muni
147 1064 239 1113 deinceps
250 1062 379 1100 fundamento
393 1063 480 1113 quodam
496 1063 614 1113 repetendae
630 1069 684 1111 suut,
700 1064 793 1102 nimirum
809 1078 821 1102 a

80 1131 155 1183 vigoris
168 1137 187 1170 et
198 1129 346 1169 vehementiae²
363 1130 493 1182 cogitatione,
512 1130 547 1169 cir.
561 1129 617 1169 Cant.
626 1131 652 1179 V,
665 1134 698 1179 105
715 1144 777 1183 qum,
795 1132 820 1171 si-

81 1200 121 1239 cuti
132 1200 153 1238 in
165 1198 275 1250 symbolice
287 1212 324 1238 usu
335 1198 401 1249 ignis³
416 1200 458 1237 fere
468 1199 502 1248 tit,
518 1200 540 1243 in
551 1199 624 1237 bonam
635 1199 733 1249 malamve
749 1199 821 1250 accipi-

81 1273 114 1306 tur
124 1273 202 1318 partem
206 1282 212 1314 ;
224 1271 285 1317 atque
296 1259 346 1304 adeo
359 1272 394 1305 aut
404 1267 551 1317 magnificentia
563 1272 582 1305 et
592 1267 686 1306 maiestas
694 1266 822 1317 intelligenda

82 1341 124 1383 est,
137 1334 194 1374 (lant.
203 1334 240 1381 III,
251 1336 278 1371 10.
290 1333 337 1381 VII,
348 1337 369 1381 t';
381 1334 425 1373 Iud.
434 1334 491 1383 VHI,
504 1337 535 1381 253
548 1340 583 1372 aut
593 1334 624 1372 ira
635 1334 674 1372 les.
682 1334 820 1381 Licinn-43

82 1401 139 1441 Sach.
151 1402 171 1449 I,
184 1404 205 1449 ὃς
223 1408 265 1440 tum
280 1412 327 1437 vero
343 1400 374 1449 id,
391 1414 430 1452 quo
446 1402 477 1439 ira
494 1401 561 1439 diuina
576 1401 699 1449 accenditur,
720 1406 822 1451 peecatum

81 1468 142 1507 Num.
154 1469 217 1516 XIX,
229 1471 250 1515 23
270 1467 365 1519 denique,
382 1470 436 1520 quod
451 1469 565 1520 sangumem
581 1482 661 1520 quoque
677 1468 786 1519 significat,
803 1474 822 1507 et

81 1537 102 1575 in
114 1542 185 1576 natura
196 1536 225 1575 rei
236 1537 323 1586 positum
336 1542 377 1585 est,
393 1547 413 1576 et
430 1551 440 1576 e
451 1537 548 1588 primaria
563 1537 598 1575 illa
610 1537 753 1588 sIgnificatione
764 1537 823 1575 facile

82 1606 125 1644 elici
141 1610 219 1656 potest,
237 1604 271 1642 cfr.
284 1604 349 1654 Apoc.
362 1605 404 1653 VI,
418 1609 435 1644 4.
453 1605 505 1654 XII,
517 1605 546 1643 34.
570 1604 647 1644 Nostro
663 1605 707 1643 loco
725 1618 822 1655 cpiaenam

82 1674 158 1721 valeat,
174 1673 194 1710 in
211 1671 308 1710 consimili
323 1673 415 1722 exemplo
432 1673 551 1712 illustrando
568 1671 625 1711 Sach.
638 1673 659 1720 I,
676 1676 686 1711 8
703 1674 822 1722 probeper-

81 1740 149 1790 spexit
160 1740 327 1786 Tnnoooiaius,
341 1751 384 1776 cum
397 1740 479 1778 diceret:
498 1734 524 1778 τὸ
544 1734 568 1778 δὲ
586 1736 627 1778 τοῦ
646 1733 720 1777 ἵππου
737 1734 823 1794 nodedu

81 1802 121 1859 τὴν
134 1802 190 1844 κατὰ
204 1804 247 1844 τῶν
261 1801 376 1856 πολεμίων
390 1802 462 1845 ἐθνῶν
475 1797 623 1858 ἀγανάκτησιν
634 1801 709 1859 δηλοῖ·
724 1797 824 1859 ὕφαιμον

82 1868 123 1928 ycip
143 1868 181 1914 aut
199 1866 329 1929 ὑπέρυθρον
347 1868 372 1913 τὸ
391 1869 520 1924 θυμοειδὲς.
544 1873 599 1924 Ergo
614 1873 687 1913 milites
704 1874 742 1912 lioc
758 1874 824 1912 colore

81 1943 166 1993 praediti
181 1948 276 1994 tanquam
292 1942 424 1981 instrumenta
439 1943 481 1980 irae
498 1942 576 1980 diuinae
591 1946 695 1992 apparent.
708 1965 732 1969 -
747 1942 823 1980 Eodem

82 2011 156 2058 tendit,
173 2011 227 2061 quod
243 2010 342 2061 sequitur:
359 2007 437 2051 mimine
452 2007 487 2051 bist
503 2020 564 2058 *mim
585 2008 623 2047 uiri
643 2008 765 2049 fortitudinIs
783 2022 824 2047 non

52 2120 56 2124 .
82 2079 154 2116 milites
165 2078 301 2116 omnincsunt
309 2076 518 2127 (Ionnun.,Vamun.,
529 2076 823 2126 ei0i‚,1{musui,t10ea),

82 2146 117 2183 sed
133 2145 242 2195 emphatico
260 2157 319 2183 sensu
334 2144 426 2181 dicuntur
438 2144 521 2197 ¹heroes,
539 2143 574 2182 cfr.
586 2142 629 2180 Iud.
642 2143 683 2191 III,
695 2145 729 2190 293
746 2146 755 2180 1
768 2142 822 2182 Sani.

82 2211 167 2260 XXXI,
179 2215 205 2252 12.
218 2210 292 2251 asam.
302 2211 343 2260 XI,
355 2214 385 2260 tc,
399 2210 460 2249 veluti
474 2206 508 2251 'tm
523 2220 554 2248 u:
572 2208 644 2252 lSam.
655 2210 737 2260 XVIII,
748 2213 768 2249 Π
778 2211 822 2258 all.;
860 2255 866 2261 x

116 2390 133 2429 t)
146 2390 180 2422 Cfr.
191 2389 280 2423 Bouomuu
291 2391 303 2422 l.
315 2391 326 2423 l.
339 2399 355 2431 p.
363 2391 402 2423 195.

116 2446 132 2486 2)
145 2446 180 2479 cfr.
193 2446 320 2479 Boummnunmt
333 2447 343 2478 l.
356 2446 367 2478 l.
380 2455 397 2487 p.
405 2448 432 2477 11.

115 2502 132 2542 3)
145 2502 180 2534 Otr.
196 2503 279 2536 Hnucsin.
296 2503 324 2534 die
340 2501 393 2542 Opfer
408 2501 439 2533 der
454 2501 471 2532 h.
487 2500 552 2534 Subrisi
566 2509 583 2540 p.
598 2502 625 2533 31.
649 2500 719 2539 Quanta
733 2507 824 2545 utrumque

82 2559 190 2591 contineatur
202 2559 335 2597 necessitudine,
348 2558 375 2589 vel
388 2567 408 2589 eo
421 2558 547 2597 comprobatur,
559 2556 605 2597 quod
616 2558 634 2588 in
641 2558 753 2599 Assyriorum
764 2569 823 2592 monu-

82 2616 144 2647 mentis
156 2616 200 2656 ignis
212 2615 263 2647 rubro
276 2615 333 2648 colore
346 2614 456 2656 significatur.
480 2614 515 2647 cn.
528 2613 585 2647 cossi
598 2614 609 2646 l,
621 2614 632 2646 l.
645 2623 662 2655 p.
672 2616 710 2647 ll'l.

116 2672 134 2713 l)
145 2673 221 2706 Eaedem
229 2674 265 2706 iere
274 2674 350 2706 rationes
359 2672 405 2715 apud
416 2672 506 2715 plerosque
515 2671 586 2713 populos
595 2672 698 2706 constitutae
708 2675 823 2716 reperiiuitum

82 2731 111 2763 ele.
124 2731 208 2763 Huuosnu.
220 2730 264 2773 Aeg.
280 2731 315 2762 und
331 2731 359 2762 die
370 2729 391 2762 B.
403 2730 428 2762 bl.
441 2730 507 2770 pith
523 2728 587 2761 Biana.
605 2728 664 2770 Symb.
680 2730 699 2771 I,
715 2731 749 2763 330
761 2740 783 2762 ss.
799 2729 823 2770 II,

82 2788 115 2820 234
128 2798 160 2828 ss3
176 2787 257 2820 IIauuzuu
270 2786 329 2829 Symb.
341 2787 360 2828 Ι,
373 2785 411 2819 lac.
427 2787 465 2827 111,
479 2787 526 2821 toa:
545 2785 602 2820 Noun.
614 2787 730 2827 etym-symb.
743 2786 787 2818 WB.
801 2785 823 2823 IL

82 2854 97 2882 p.
106 2845 132 2876 ll.
142 2845 168 2876 tt.
