1889 3264
357 69 366 97 ,θ

277 197 294 248 ᾖ.
307 199 324 236 5,
342 196 376 235 Dr
388 207 452 236 nurus
465 198 607 235 dssmronuu.
765 207 817 234 xxxi

73 321 182 371 prophetas
194 320 219 360 ad
231 320 325 361 Israelem
337 321 411 359 missos
423 332 479 366 esse,
496 325 556 371 atque
571 321 593 359 in
605 321 646 360 eius
659 320 723 359 salute
735 333 816 371 compa-

73 389 137 427 randa
148 390 234 428 officinm
246 403 314 428 eorum
326 393 390 426 totum
402 386 489 434 versari,
503 393 562 438 atque
574 389 623 427 adeo
637 389 660 426 de
670 388 769 427 vaticiniis
781 389 816 426 ad-

73 469 142 496 versus
153 459 268 509 peregrinas
281 462 349 507 gentes
361 455 452 505 prolatas
459 456 524 505 probe
532 455 626 494 statuisse
634 456 758 504 Krucnruu,
771 470 815 495 curn

73 525 155 564 diceret:
168 536 313 577 „qrraecunque
324 527 394 561 contra
406 527 473 573 gentes
485 514 600 572 proferunt,
616 537 640 562 ea
651 529 734 574 propter
744 523 815 562 ludam

73 593 161 632 dieunt.“
179 593 248 632 Primo
261 591 313 629 enim
324 590 381 638 loco,
398 602 442 628 curn
453 589 479 628 iis
490 590 532 628 iere
544 591 646 641 gentibus,
663 604 675 629 a
688 591 759 642 quibus
771 604 816 642 gra-

74 662 124 699 viter
135 666 218 711 propter
229 664 316 709 peccata*
324 670 361 696 sua
371 658 507 706 vexabantur,
520 671 609 697 summac
621 658 744 697 calamitates
757 665 817 709 atquc

73 729 165 767 interitus
176 727 344 777 praedicerentur,
362 725 455 765 sola-tium
470 725 517 763 inde
529 731 548 764 et
560 726 630 765 salutis
643 726 740 765 certitudo
752 727 817 765 lsrae-

73 796 115 835 litis
126 790 254 846 percipieuda
264 794 422 844 proponebatur,
434 805 471 831 nec
482 806 523 832 uon
535 794 672 833 misericordia
683 795 715 833 dei
724 801 744 833 ct
753 795 817 833 omni-

73 864 175 913 potentia,
191 863 223 901 cui
234 862 272 901 soli
284 862 403 900 confiderent
415 874 480 911 neque
491 862 516 899 ab
528 862 642 901 hominibus
654 868 744 912 peterent
760 863 817 900 auni-

73 931 132 978 linm;
147 935 188 969 tum
200 943 247 970 vero
263 930 331 981 graiis
343 929 403 967 etiam
416 929 548 966 exhibebatur
560 930 699 978 commonitio,
717 936 739 968 ut
751 943 817 969 secum

74 1004 199 1048 reputarent,
221 1011 264 1036 cum
280 1003 336 1036 tanta
352 996 450 1046 supplicia
465 1009 534 1034 eorum
554 997 691 1048 ingererentur
712 998 817 1048 capitibus,

75 1066 110 1117 qui
121 1066 246 1104 offenderunt
254 1065 363 1104 Dominum
374 1064 409 1102 vix
421 1064 489 1115 aliqua
501 1064 540 1103 sibi
552 1064 653 1115 cognitum
665 1065 747 1113 notitia,
761 1067 817 1116 quid-

75 1146 122 1171 nam
137 1134 188 1184 ipsis
203 1146 254 1184 quos
270 1146 327 1172 sacro
344 1133 382 1170 sibi
396 1132 474 1182 peculio
486 1132 573 1183 elegerat
585 1132 644 1181 deus,
661 1139 680 1171 et
697 1133 769 1185 quibus
782 1146 817 1171 no·
857 1168 859 1170 .

75 1214 120 1239 men
137 1214 194 1240 suuni
210 1199 368 1251 splendidissime
384 1200 476 1249 deinceps
491 1201 651 1250 cognoscendum
674 1206 734 1252 atque
754 1202 818 1251 perci-

75 1268 169 1318 piendum
181 1269 311 1319 praebuerat,
324 1267 372 1318 quid
384 1267 422 1306 sibi
435 1267 534 1305 videretur
546 1268 702 1317 expectandum,
715 1282 759 1306 cunr
771 1282 819 1320 gen-

76 1337 125 1374 tium
139 1336 227 1386 peccatis
243 1342 263 1374 et
278 1334 452 1386 superstitionibus
468 1334 587 1385 imperatam
603 1348 616 1373 a
636 1335 672 1373 deo
693 1337 819 1375 sanctitatem

76 1404 134 1442 foede
145 1403 308 1454 inquinassentl¹
319 1425 344 1430 -
356 1403 385 1440 At
396 1415 443 1440 vero
456 1401 553 1440 eiusmodi
564 1403 658 1441 vaticinia
673 1404 733 1442 latins
749 1410 819 1454 patere

76 1471 167 1509 videntur
171 1486 177 1519 3
193 1484 229 1509 nec
240 1469 340 1521 permulta
352 1470 432 1508 oracula
443 1469 490 1517 illa,
502 1483 554 1520 quae
564 1470 653 1521 integras
664 1484 738 1522 easque
754 1473 819 1510 niaxi—

76 1551 120 1577 mas
131 1539 231 1577 interdum
241 1539 339 1577 librorum
350 1538 512 1588 propheticorum
524 1538 631 1576 conficiunt
637 1545 716 1588 partes,
726 1541 819 1590 gentibus
871 1542 875 1555 ¹

77 1612 173 1657 tanquam
182 1607 242 1645 meris
249 1606 347 1656 exemplis
356 1610 417 1656 atque
424 1605 561 1644 instrumentis
569 1612 661 1654 utuntur,
672 1607 819 1657 quibusludaei

77 1674 207 1712 educarentur
219 1673 323 1724 explicatis
330 1688 335 1720 3
352 1686 420 1710 verum
431 1673 487 1723 ipsas
500 1686 580 1724 quoque
594 1674 678 1713 mirifica
688 1675 744 1714 verbi
757 1676 819 1714 divini

77 1741 108 1783 vis
118 1748 137 1782 et
147 1742 254 1782 efficacitas
263 1742 313 1794 petit
322 1747 382 1793 atque
389 1742 484 1793 percellit.
502 1742 610 1781 Iutercedit
619 1743 671 1782 enim
682 1750 751 1783 mutua
759 1758 819 1795 qnae-

77 1813 123 1850 dam
140 1811 256 1851 vicissitudo
274 1811 326 1849 iuter
343 1810 426 1849 electum
442 1810 473 1849 dei
490 1810 586 1861 populum
603 1817 622 1850 et
641 1812 730 1862 reliquas
750 1820 820 1863 gentes

77 1892 155 1927 omnes3
171 1880 248 1931 generis
264 1878 345 1917 humani
361 1891 432 1918 caussa
448 1878 511 1918 Israel
526 1879 588 1917 electa
605 1884 645 1928 est,
667 1886 736 1931 gentes
753 1887 819 1920 antem

77 1948 99 1986 iu
111 1947 213 1986 educanda
224 1947 299 1986 lsraele
309 1959 347 1996 pro
360 1958 396 1985 suo
408 1946 489 1984 modulo
502 1952 620 1996 cooperant3
632 1947 677 1986 ideo
687 1949 743 1988 sedes
752 1962 820 1988 earum

77 2016 185 2055 secundum
200 2015 340 2066 praestitutam
350 2013 432 2053 Israelis
447 2014 544 2052 rationem
560 2027 572 2053 a
587 2015 624 2053 deo
637 2015 755 2055 distributae
767 2024 819 2066 sunt,

77 2083 137 2121 Deut.
149 2083 245 2131 XXXII,
258 2086 274 2121 S.
294 2083 340 2121 Act.
352 2081 424 2130 XVII,
437 2085 465 2120 26.
478 2085 510 2130 27,
529 2088 549 2121 et
560 2095 592 2121 res
604 2096 672 2122 earum
683 2084 765 2135 fataque
777 2086 820 2123 uni-

77 2163 136 2190 versa
148 2156 202 2189 certa
214 2152 300 2201 quadam
317 2162 361 2188 eum
378 2162 435 2188 sacro
451 2150 538 2188 foederis
553 2151 630 2201 populo
647 2152 771 2191 continentur
786 2166 820 2191 ne-

78 2218 170 2257 cessitate
186 2223 246 2268 atque
261 2217 368 2257 secundum
384 2229 428 2255 eum
443 2218 579 2268 gubernantur
590 2219 703 2268 modulum,
720 2232 761 2270 quo
773 2233 821 2272 erga

77 2286 172 2324 Israelem
187 2298 231 2324 sese
247 2284 346 2336 gesserint
363 2290 382 2323 et
398 2290 474 2324 statuta
491 2284 530 2324 sibi
547 2298 629 2325 munera
640 2288 729 2325 exsecuti
740 2288 820 2328 fuerint.

78 2354 114 2394 cfr.
127 2352 185 2394 Sach.
193 2353 215 2402 I,
226 2356 254 2392 15.
270 2353 325 2404 Ergo
338 2366 362 2391 ea
374 2365 455 2404 (proque
466 2353 604 2392 vaticiniorum
616 2355 640 2393 de
651 2355 761 2406 peregrinis
773 2369 821 2408 gen-

78 2423 132 2462 tibus
145 2423 243 2461 editorum
255 2422 341 2474 dignitas
353 2427 393 2470 est,
410 2421 465 2473 quod
479 2434 516 2472 pro
532 2422 651 2462 testimoniis
668 2424 760 2464 habenda
776 2432 822 2465 sunt

79 2496 139 2542 atque
151 2491 254 2530 sententiis
266 2489 336 2529 edictis
348 2491 373 2529 ab
386 2502 420 2539 eo,
433 2490 467 2542 qui
477 2490 593 2530 Abrahamo
606 2491 654 2531 olim
666 2499 686 2531 et
698 2493 768 2532 semini
780 2494 822 2533 eius

78 2559 180 2609 promisit:
193 2559 323 2608 „benedicam
334 2559 369 2607 iis,
383 2558 417 2609 qui
428 2559 466 2597 tibi
477 2559 625 2609 benedixerint,
639 2567 658 2599 et
670 2562 704 2612 qui
716 2562 752 2600 tibi
760 2563 822 2600 male-

79 2626 176 2674 dixerint,
192 2627 217 2665 iis
229 2627 361 2666 maledicam“
378 2625 429 2666 Gen.
441 2627 494 2675 XII,
507 2629 529 2676 3,
546 2627 652 2668 declaratis
667 2629 687 2666 in
704 2630 769 2668 medio
786 2630 822 2669 illo

80 2694 134 2734 orbis
146 2699 243 2733 terrarum
254 2695 310 2743 loco,
329 2708 369 2745 quo
381 2694 485 2733 universae
497 2697 574 2746 generis
590 2697 672 2735 humani
686 2710 718 2736 res
734 2699 823 2749 undique

79 2775 148 2802 omnes
159 2768 266 2813 coguntur,
282 2768 383 2812 postremo
397 2762 504 2803 enuntiatis
517 2764 542 2802 ab
555 2765 596 2804 eius
608 2765 679 2816 populi
691 2766 785 2815 ducibus,
797 2767 823 2805 ad

116 2916 132 2956 1)
145 2915 181 2949 Cir.
193 2916 277 2948 Huncsru.
290 2913 370 2948 Christol.
382 2914 421 2956 ΠΙ,
433 2924 450 2956 p.
460 2916 499 2949 199.
