1889 3264
103 137 134 183 70
377 140 466 189 earn,
480 155 497 180 v,
508 144 571 179 e-n.

97 277 152 317 quas
167 278 207 303 non
222 264 287 304 facilis
306 270 336 304 est
356 265 432 314 aditus,
452 265 493 304 iam
509 265 568 303 facile
584 266 743 316 occupabuntur,
764 271 845 317 apertae

102 339 149 373 sunt
164 336 207 371 ct.“
231 334 347 389 Ewnnnus:
365 333 419 381 „Die
434 334 496 371 durch
514 332 594 373 Str-ome
608 334 649 372 und
660 334 845 385 Wasserleitungen

100 414 147 440 vom
158 401 226 451 Tigris
241 402 277 440 her
292 392 321 462 sla
331 402 385 440 wohl
397 402 508 440 verivahrte
519 400 608 449 Staot;“
625 402 660 440 cfr.
673 402 744 440 Marna
756 401 813 441 Stud.
825 415 845 440 u.

85 468 196 508 Nritilren
213 472 267 518 ista,
283 464 324 517 IV,
336 483 356 520 p.
367 472 410 507 1032
426 482 452 508 ss.
477 468 514 508 Cui
531 469 660 520 explicationi
675 470 748 508 obiecit
763 469 845 508 Bosar-

101 548 234 576 trunitanus:
247 538 306 587 „quis
318 551 358 575 non
369 537 474 588 intelhgit,
486 538 549 576 latum
560 538 693 588 rapidumque
701 538 789 588 Tigridis
802 551 845 575 arn-

101 618 146 643 nem
162 606 230 644 hostes
246 606 271 644 ab
288 605 323 643 illa
339 606 394 644 urbis
411 611 469 656 parte
485 606 541 643 aditu
556 607 623 656 potius
641 619 708 645 aroere
720 605 845 644 debuisse?“

101 686 170 712 verum
182 674 286 725 angustius
298 674 323 712 ab
335 674 374 712 hoc
386 686 404 712 v.
417 674 436 711 d.
448 673 534 724 intelligi
544 674 607 712 verba
623 674 710 713 ostendit
721 674 845 721 llnunauus,

100 741 147 780 licet
158 742 202 792 ipse
214 742 296 779 nimium
309 740 369 779 etiam
380 741 455 780 vidisse
467 742 611 781 existimandus
624 743 659 791 sit,
678 755 722 780 oum
734 746 845 781 asseveret:

102 816 187 860 „portae
197 809 253 848 urbis
266 809 317 847 sitae
327 809 385 848 iuxta
396 809 442 848 illas
454 809 533 857 fossas,
549 822 624 860 eaeque
638 816 710 860 portae
722 823 734 847 a
745 809 845 848 Ninevitis

101 882 148 916 ante
165 877 334 927 oppugnationem
351 877 377 915 ad
392 878 488 916 arcendos
499 878 568 917 hostes
579 878 698 926 inundatae,
716 879 742 916 ab
754 877 845 916 hostibus

101 958 159 994 vero,
176 945 235 996 aquis
250 945 271 983 in
287 945 348 983 alium
360 958 439 984 cursum
451 945 545 993 deflexis,
563 945 648 984 siccatae
661 950 680 983 et
691 951 782 995 apertae,
800 951 845 983 uta

102 1011 156 1063 Cyro
173 1013 248 1051 factum
263 1012 284 1050 in
300 1013 435 1063 expugnanda
449 1013 555 1063 Babylone
568 1013 653 1063 legimus
670 1014 691 1051 in
706 1012 846 1063 Xenophontis

102 1079 236 1131 Oyropaedia.
261 1080 318 1129 Quae
329 1086 370 1118 tarn
382 1080 434 1120 altos
447 1085 466 1119 et
477 1080 530 1120 latos
542 1094 610 1120 muros
621 1081 709 1119 habebat
720 1083 779 1129 urbs,
797 1080 846 1119 faoi-

101 1148 140 1187 lius
153 1149 306 1199 expugnabatur
318 1148 430 1187 derivandis
442 1148 513 1197 fossis,
530 1161 591 1199 quam
605 1148 720 1199 rumpendis
734 1149 845 1188 moenibus.

101 1215 150 1255 Non
162 1217 230 1255 obstat
240 1216 286 1254 huic
301 1229 356 1255 meae
372 1216 532 1267 interpretationi
547 1222 593 1255 ante
609 1223 720 1255 memorata
737 1217 794 1256 vinea
810 1217 845 1254 ad-

102 1290 157 1322 mota
168 1297 232 1322 nruro.
256 1283 293 1322 Nil
307 1284 435 1334 inexpertum
444 1285 545 1323 omittunt
557 1287 716 1335 oppugnantes.“
740 1286 769 1323 At
781 1297 846 1335 quo-

101 1353 174 1390 modo
186 1352 260 1403 aperiri
270 1357 340 1403 portas
353 1366 389 1402 per
399 1352 497 1392 visionem
509 1353 637 1403 conspexerit
648 1357 717 1400 vates,
733 1365 773 1390 non
785 1352 845 1399 dixit3

102 1425 132 1469 et,
155 1420 172 1459 si
192 1420 349 1468 eodemmodo,
366 1433 389 1458 ac
409 1426 480 1471 postea
494 1420 599 1471 Babylon,
622 1426 681 1470 capta
704 1420 763 1458 etiarn
780 1419 846 1459 Ninus

103 1494 165 1536 esset,
184 1487 252 1526 nescio
269 1501 295 1526 an
311 1488 413 1540 proditum
432 1488 540 1526 memoriae
561 1493 618 1527 esset.
642 1488 704 1527 Vates
724 1493 790 1526 auteur
810 1500 847 1526 nec

102 1569 180 1594 amnem
191 1555 274 1594 Rhosar
286 1568 330 1594 cum
342 1556 445 1595 canalibus
459 1556 505 1594 inde
521 1555 621 1603 deductis,
638 1569 674 1594 neo
685 1556 762 1606 Lycum
780 1569 796 1594 s.
808 1556 847 1594 Za-

103 1623 183 1662 batum1
200 1623 318 1674 indigitasse
332 1624 433 1674 putandus
445 1630 485 1671 est,
503 1625 538 1662 sed
549 1637 603 1662 mere
614 1630 694 1674 portas,
710 1624 777 1662 fluviis
788 1636 847 1674 prae-

103 1692 225 1730 tereuntibus
237 1692 390 1739 munitissimam
403 1691 514 1730 cuiusmodi
524 1692 589 1742 portis
598 1690 674 1730 Ninum
684 1692 769 1736 defendi,
783 1692 846 1740 „sub-

102 1760 157 1797 tilem
168 1760 258 1797 locorum
270 1759 417 1810 cognitionem“
430 1759 511 1798 minime
523 1759 576 1807 olet,
593 1759 623 1797 uti
639 1759 740 1798 existimat
751 1759 846 1805 Tanarus

102 1841 122 1878 p.
134 1831 165 1874 64;
186 1839 252 1865 nonne
273 1827 325 1866 enirn
341 1828 365 1866 ab
382 1827 474 1878 Assyriis
490 1827 550 1866 toties
566 1826 678 1866 Galilaeam
693 1827 847 1877 peragrantibus

102 1895 187 1946 ipsaque
196 1894 340 1946 Hierosolyma
352 1895 524 1946 oppugnantibus,
537 1908 581 1933 cum
589 1895 645 1945 regni
654 1894 685 1933 sui
694 1900 714 1933 et
722 1895 778 1933 urbis
789 1907 847 1945 prae-

101 1962 196 2002 stantiam
207 1963 300 2001 iactando
313 1963 456 2012 describerent,
473 1963 613 2014 opportunitas
629 1962 679 2001 situs
695 1963 847 2001 commemorari

102 2038 181 2081 praeter
193 2037 258 2069 cetera
270 2031 367 2069 debebat?

135 2099 162 2137 ΙΙ.
178 2100 224 2150 Age
235 2103 301 2137 autem
313 2099 426 2147 videamus,
443 2099 492 2149 qnid
509 2098 544 2138 alii
560 2098 693 2148 elaborarint,
714 2099 760 2149 qui,
776 2098 846 2138 relicto

101 2167 185 2218 proprio
201 2168 307 2206 verborum
319 2180 389 2216 sensu,
407 2168 429 2219 a)
445 2172 535 2218 portas
551 2167 680 2206 translate
697 2167 761 2206 dictas
778 2168 847 2207 existi-

102 2241 163 2274 mant.
188 2236 208 2286 1)
219 2235 293 2274 Aditus
305 2248 331 2274 ex
342 2236 472 2273 inundatione
482 2235 570 2287 Tigridis
582 2235 695 2285 patefactos
706 2235 847 2286 intelligendos

102 2316 146 2342 esse
158 2303 229 2342 docent
243 2302 356 2352 Snrvcrrus,
376 2304 518 2352 Kanrusnrus,
538 2303 605 2352 Iusrr,
625 2302 735 2351 Hennam,
755 2310 846 2354 respecto
890 2293 897 2299 i

101 2371 206 2420 Diodoro,
219 2384 259 2422 quo
271 2377 353 2410 auctore
363 2372 452 2423 Tigridis
463 2372 594 2410 inundatione
605 2371 667 2409 muris
679 2384 715 2421 per
726 2371 770 2409 XX
781 2372 847 2411 stadia
858 2405 861 2411 ,

102 2439 207 2479 destructis
220 2440 267 2479 urbs
278 2440 379 2490 patefacta
390 2440 482 2479 hostibus
495 2447 525 2478 est
529 2454 534 2487 ;
553 2439 588 2491 qui
606 2452 629 2478 eo
645 2439 687 2477 fere
699 2440 794 2478 commoti
806 2445 847 2479 stu-

103 2508 135 2546 dio
143 2537 148 2555 ‚
156 2514 179 2546 ut
186 2507 207 2545 ll.
217 2521 244 2547 ss.
253 2521 297 2547 cum
305 2514 394 2547 veterum
404 2508 483 2559 scriptis
492 2508 597 2546 concinere
605 2506 738 2555 ostenderent,
748 2507 789 2546 vim
797 2508 847 2546 infe-

101 2582 148 2614 runt
159 2576 236 2615 verbis:
253 2590 300 2615 nam
316 2576 336 2615 'rt
351 2577 376 2614 'n'
397 2576 449 2614 nude
465 2576 518 2614 dicta
535 2589 576 2614 non
592 2581 678 2627 possunt
694 2581 764 2626 portas
781 2576 846 2615 fluviis

101 2645 213 2695 patefactas
224 2645 319 2684 indicare.
342 2646 362 2697 2)
374 2644 451 2683 Eadem
463 2644 580 2683 difficultate
591 2644 677 2683 aliorum
694 2644 791 2695 premitur
802 2658 847 2684 sen-

102 2713 176 2761 tentia,
193 2713 227 2764 qui
243 2714 315 2753 fluvios
331 2719 426 2765 tanquam
442 2713 497 2752 urbis
516 2718 586 2764 portas
602 2717 696 2752 censeant
715 2712 790 2761 dictos,
811 2726 847 2762 per

138 2865 154 2905 t)
166 2866 311 2899 Seavnzrnnrsonn
324 2866 365 2899 diss.
378 2866 400 2899 de
412 2866 459 2900 Nino
471 2866 518 2899 urhe.
