<?xml version="1.0" encoding="UTF-8"?>
<!DOCTYPE html PUBLIC "-//W3C//DTD XHTML 1.0 Transitional//EN"
    "http://www.w3.org/TR/xhtml1/DTD/xhtml1-transitional.dtd">
<html xmlns="http://www.w3.org/1999/xhtml" xml:lang="en" lang="en">
 <head>
  <title>
</title>
<meta http-equiv="Content-Type" content="text/html;charset=utf-8" />
  <meta name='ocr-system' content='tesseract 3.04.00' />
  <meta name='ocr-capabilities' content='ocr_page ocr_carea ocr_par ocr_line ocrx_word'/>
</head>
<body>
  <div class='ocr_page' id='page_1' title='image "MN41908ucmf_7_0063.png"; bbox 0 0 1889 3264; ppageno 0'>
   <div class='ocr_carea' id='block_1_1' title="bbox 285 187 827 237">
    <p class='ocr_par' dir='ltr' id='par_1_1' title="bbox 285 187 827 237">
     <span class='ocr_line' id='line_1_1' title="bbox 285 187 827 237; baseline -0.007 -11"><span class='ocrx_word' id='word_1_1' title='bbox 285 188 303 237; x_wconf 64' lang='grc' dir='ltr'><strong>ᾗ,</strong></span> <span class='ocrx_word' id='word_1_2' title='bbox 315 189 332 225; x_wconf 82' lang='lat'><strong>5.</strong></span> <span class='ocrx_word' id='word_1_3' title='bbox 349 187 383 226; x_wconf 83' lang='lat' dir='ltr'><strong>Du</strong></span> <span class='ocrx_word' id='word_1_4' title='bbox 395 198 461 226; x_wconf 82' lang='lat' dir='ltr'><strong>nauus</strong></span> <span class='ocrx_word' id='word_1_5' title='bbox 473 187 616 224; x_wconf 82' lang='lat' dir='ltr'><strong>Assrnronun.</strong></span> <span class='ocrx_word' id='word_1_6' title='bbox 790 196 827 223; x_wconf 76' lang='lat' dir='ltr'><strong>rur</strong></span> 
     </span>
    </p>
   </div>
   <div class='ocr_carea' id='block_1_2' title="bbox 84 308 829 631">
    <p class='ocr_par' dir='ltr' id='par_1_2' title="bbox 84 308 828 429">
     <span class='ocr_line' id='line_1_2' title="bbox 84 308 828 362; baseline -0.003 -14"><span class='ocrx_word' id='word_1_7' title='bbox 84 309 187 358; x_wconf 84' lang='lat' dir='ltr'><strong>stinctum,</strong></span> <span class='ocrx_word' id='word_1_8' title='bbox 207 311 258 349; x_wconf 81' lang='lat' dir='ltr'><strong>hane</strong></span> <span class='ocrx_word' id='word_1_9' title='bbox 276 312 337 362; x_wconf 77' lang='lat' dir='ltr'><strong>igitur</strong></span> <span class='ocrx_word' id='word_1_10' title='bbox 352 310 471 349; x_wconf 78' lang='lat' dir='ltr'>sententiam</span> <span class='ocrx_word' id='word_1_11' title='bbox 483 310 644 349; x_wconf 73' lang='lat' dir='ltr'><strong>luculentissimis</strong></span> <span class='ocrx_word' id='word_1_12' title='bbox 657 308 779 360; x_wconf 78' lang='lat' dir='ltr'><strong>argumentis</strong></span> <span class='ocrx_word' id='word_1_13' title='bbox 793 308 828 346; x_wconf 88' lang='lat' dir='ltr'><strong>du-</strong></span> 
     </span>
     <span class='ocr_line' id='line_1_3' title="bbox 85 378 376 429; baseline 0 -14"><span class='ocrx_word' id='word_1_14' title='bbox 85 378 131 415; x_wconf 90' lang='lat' dir='ltr'><strong>dum</strong></span> <span class='ocrx_word' id='word_1_15' title='bbox 144 391 240 429; x_wconf 79' lang='lat' dir='ltr'><strong>apparere</strong></span> <span class='ocrx_word' id='word_1_16' title='bbox 251 381 358 418; x_wconf 76' lang='lat' dir='ltr'><strong>refutatam</strong></span> <span class='ocrx_word' id='word_1_17' title='bbox 364 379 376 415; x_wconf 87' lang='lat'><strong>¹.</strong></span> 
     </span>
    </p>

    <p class='ocr_par' dir='ltr' id='par_1_3' title="bbox 84 432 829 631">
     <span class='ocr_line' id='line_1_4' title="bbox 130 432 829 498; baseline -0.001 -15"><span class='ocrx_word' id='word_1_18' title='bbox 130 445 173 484; x_wconf 83' lang='lat' dir='ltr'><strong>Iam</strong></span> <span class='ocrx_word' id='word_1_19' title='bbox 183 432 207 485; x_wconf 86' lang='lat' dir='ltr'><strong>ut</strong></span> <span class='ocrx_word' id='word_1_20' title='bbox 217 449 243 486; x_wconf 84' lang='lat' dir='ltr'><strong>ad</strong></span> <span class='ocrx_word' id='word_1_21' title='bbox 254 448 319 498; x_wconf 85' lang='lat' dir='ltr'><strong>prima</strong></span> <span class='ocrx_word' id='word_1_22' title='bbox 330 446 462 495; x_wconf 84' lang='lat' dir='ltr'><strong>Assyriorum</strong></span> <span class='ocrx_word' id='word_1_23' title='bbox 473 443 531 483; x_wconf 88' lang='lat' dir='ltr'><strong>initia</strong></span> <span class='ocrx_word' id='word_1_24' title='bbox 542 444 659 492; x_wconf 78' lang='lat' dir='ltr'><strong>redeamus,</strong></span> <span class='ocrx_word' id='word_1_25' title='bbox 671 445 770 495; x_wconf 78' lang='lat' dir='ltr'><strong>originem</strong></span> <span class='ocrx_word' id='word_1_26' title='bbox 781 457 829 495; x_wconf 82' lang='lat' dir='ltr'><strong>gen-</strong></span> 
     </span>
     <span class='ocr_line' id='line_1_5' title="bbox 84 511 829 562; baseline -0.001 -12"><span class='ocrx_word' id='word_1_27' title='bbox 84 513 110 551; x_wconf 86' lang='lat' dir='ltr'><strong>tis</strong></span> <span class='ocrx_word' id='word_1_28' title='bbox 122 513 148 551; x_wconf 85' lang='lat' dir='ltr'><strong>ad</strong></span> <span class='ocrx_word' id='word_1_29' title='bbox 159 516 266 562; x_wconf 83' lang='lat' dir='ltr'><strong>Assurem,</strong></span> <span class='ocrx_word' id='word_1_30' title='bbox 285 514 370 551; x_wconf 83' lang='lat' dir='ltr'><strong>alterum</strong></span> <span class='ocrx_word' id='word_1_31' title='bbox 382 512 436 552; x_wconf 81' lang='lat' dir='ltr'><strong>Semi</strong></span> <span class='ocrx_word' id='word_1_32' title='bbox 447 513 521 560; x_wconf 88' lang='lat' dir='ltr'><strong>filiurn,</strong></span> <span class='ocrx_word' id='word_1_33' title='bbox 538 511 662 549; x_wconf 84' lang='lat' dir='ltr'><strong>referendam</strong></span> <span class='ocrx_word' id='word_1_34' title='bbox 678 524 722 550; x_wconf 85' lang='lat' dir='ltr'><strong>esse</strong></span> <span class='ocrx_word' id='word_1_35' title='bbox 736 512 829 550; x_wconf 88' lang='lat' dir='ltr'><strong>doeemur</strong></span> 
     </span>
     <span class='ocr_line' id='line_1_6' title="bbox 85 578 827 631; baseline -0.003 -12"><span class='ocrx_word' id='word_1_36' title='bbox 85 579 135 619; x_wconf 78' lang='lat' dir='ltr'><strong>Gen.</strong></span> <span class='ocrx_word' id='word_1_37' title='bbox 144 582 174 630; x_wconf 84' lang='lat' dir='ltr'><strong>X,</strong></span> <span class='ocrx_word' id='word_1_38' title='bbox 187 596 205 621; x_wconf 85' lang='lat' dir='ltr'><strong>v.</strong></span> <span class='ocrx_word' id='word_1_39' title='bbox 215 586 242 620; x_wconf 73' lang='lat' dir='ltr'><strong>ut.</strong></span> <span class='ocrx_word' id='word_1_40' title='bbox 259 580 337 619; x_wconf 79' lang='lat' dir='ltr'><strong>Ibidem</strong></span> <span class='ocrx_word' id='word_1_41' title='bbox 348 580 413 631; x_wconf 85' lang='lat' dir='ltr'><strong>prima</strong></span> <span class='ocrx_word' id='word_1_42' title='bbox 425 581 548 618; x_wconf 84' lang='lat' dir='ltr'><strong>eorumfatu</strong></span> <span class='ocrx_word' id='word_1_43' title='bbox 560 578 686 629; x_wconf 88' lang='lat' dir='ltr'><strong>reperiuntur</strong></span> <span class='ocrx_word' id='word_1_44' title='bbox 702 579 827 629; x_wconf 78' lang='lat' dir='ltr'><strong>consignata.</strong></span> 
     </span>
    </p>
   </div>
   <div class='ocr_carea' id='block_1_3' title="bbox 83 646 829 700">
    <p class='ocr_par' dir='ltr' id='par_1_4' title="bbox 83 646 829 700">
     <span class='ocr_line' id='line_1_7' title="bbox 83 646 829 700; baseline 0.001 -15"><span class='ocrx_word' id='word_1_45' title='bbox 83 648 177 699; x_wconf 79' lang='lat' dir='ltr'><strong>Legimus</strong></span> <span class='ocrx_word' id='word_1_46' title='bbox 194 651 246 687; x_wconf 89' lang='lat' dir='ltr'><strong>enim</strong></span> <span class='ocrx_word' id='word_1_47' title='bbox 258 663 277 687; x_wconf 78' lang='lat' dir='ltr'><strong>v.</strong></span> <span class='ocrx_word' id='word_1_48' title='bbox 288 651 320 697; x_wconf 82' lang='lat'><strong>10,</strong></span> <span class='ocrx_word' id='word_1_49' title='bbox 338 647 470 696; x_wconf 86' lang='lat' dir='ltr'><strong>Nimrodum,</strong></span> <span class='ocrx_word' id='word_1_50' title='bbox 486 653 620 700; x_wconf 84' lang='lat' dir='ltr'><strong>posteaquam</strong></span> <span class='ocrx_word' id='word_1_51' title='bbox 635 646 656 684; x_wconf 88' lang='lat' dir='ltr'><strong>in</strong></span> <span class='ocrx_word' id='word_1_52' title='bbox 668 646 782 697; x_wconf 82' lang='lat' dir='ltr'><strong>Babylonia</strong></span> <span class='ocrx_word' id='word_1_53' title='bbox 798 660 829 686; x_wconf 85' lang='lat' dir='ltr'><strong>re-</strong></span> 
     </span>
    </p>
   </div>
   <div class='ocr_carea' id='block_1_4' title="bbox 84 715 830 767">
    <p class='ocr_par' dir='ltr' id='par_1_5' title="bbox 84 715 830 767">
     <span class='ocr_line' id='line_1_8' title="bbox 84 715 830 767; baseline -0.001 -14"><span class='ocrx_word' id='word_1_54' title='bbox 84 729 144 766; x_wconf 76' lang='lat' dir='ltr'><strong>guum</strong></span> <span class='ocrx_word' id='word_1_55' title='bbox 160 717 281 765; x_wconf 82' lang='lat' dir='ltr'><strong>eerrdiderit,</strong></span> <span class='ocrx_word' id='word_1_56' title='bbox 297 717 317 754; x_wconf 93' lang='lat' dir='ltr'><strong>in</strong></span> <span class='ocrx_word' id='word_1_57' title='bbox 329 717 435 766; x_wconf 83' lang='lat' dir='ltr'><strong>Assyriam</strong></span> <span class='ocrx_word' id='word_1_58' title='bbox 449 715 583 767; x_wconf 71' lang='lat' dir='ltr'><strong>profectum2,</strong></span> <span class='ocrx_word' id='word_1_59' title='bbox 600 715 673 753; x_wconf 91' lang='lat' dir='ltr'><strong>finibus</strong></span> <span class='ocrx_word' id='word_1_60' title='bbox 689 715 767 764; x_wconf 89' lang='lat' dir='ltr'><strong>imperii</strong></span> <span class='ocrx_word' id='word_1_61' title='bbox 783 729 830 764; x_wconf 89' lang='lat' dir='ltr'><strong>pro-</strong></span> 
     </span>
    </p>
   </div>
   <div class='ocr_carea' id='block_1_5' title="bbox 55 856 867 2954">
    <p class='ocr_par' dir='ltr' id='par_1_6' title="bbox 83 856 548 899">
     <span class='ocr_line' id='line_1_9' title="bbox 83 856 548 899; baseline 0.004 -11"><span class='ocrx_word' id='word_1_62' title='bbox 83 871 86 875; x_wconf 51' lang='lat'><em>*</em></span> <span class='ocrx_word' id='word_1_63' title='bbox 120 857 136 898; x_wconf 86' lang='lat'><strong>1)</strong></span> <span class='ocrx_word' id='word_1_64' title='bbox 149 856 183 889; x_wconf 76' lang='lat' dir='ltr'><strong>Gir.</strong></span> <span class='ocrx_word' id='word_1_65' title='bbox 195 858 280 890; x_wconf 79' lang='lat' dir='ltr'><strong>Hurrnnu.</strong></span> <span class='ocrx_word' id='word_1_66' title='bbox 293 857 315 889; x_wconf 89' lang='lat' dir='ltr'><strong>de</strong></span> <span class='ocrx_word' id='word_1_67' title='bbox 327 857 374 889; x_wconf 85' lang='lat' dir='ltr'><strong>rebb.</strong></span> <span class='ocrx_word' id='word_1_68' title='bbox 386 856 457 896; x_wconf 84' lang='lat' dir='ltr'><strong>Assyrr.</strong></span> <span class='ocrx_word' id='word_1_69' title='bbox 468 868 485 899; x_wconf 92' lang='lat' dir='ltr'><strong>p.</strong></span> <span class='ocrx_word' id='word_1_70' title='bbox 494 859 516 890; x_wconf 76' lang='lat'><strong>28</strong></span> <span class='ocrx_word' id='word_1_71' title='bbox 525 867 548 889; x_wconf 62' lang='lat' dir='ltr'><strong>ss,</strong></span> 
     </span>
    </p>

    <p class='ocr_par' dir='ltr' id='par_1_7' title="bbox 55 913 867 2954">
     <span class='ocr_line' id='line_1_10' title="bbox 119 913 830 958; baseline -0.001 -13"><span class='ocrx_word' id='word_1_72' title='bbox 119 914 136 955; x_wconf 76' lang='lat'><strong>2)</strong></span> <span class='ocrx_word' id='word_1_73' title='bbox 155 920 185 952; x_wconf 62' lang='lat' dir='ltr'><strong>ut</strong></span> <span class='ocrx_word' id='word_1_74' title='bbox 201 918 238 958; x_wconf 64' lang='lat' dir='ltr'><strong>tm</strong></span> <span class='ocrx_word' id='word_1_75' title='bbox 253 919 309 952; x_wconf 55' lang='lat' dir='ltr'><strong>itm*</strong></span> <span class='ocrx_word' id='word_1_76' title='bbox 325 919 363 947; x_wconf 61' lang='lat'><strong>&amp;3¹</strong></span> <span class='ocrx_word' id='word_1_77' title='bbox 378 919 430 946; x_wconf 52' lang='lat' dir='ltr'><strong>nisisi</strong></span> <span class='ocrx_word' id='word_1_78' title='bbox 447 917 546 957; x_wconf 59' lang='grc' dir='ltr'><strong>γπκῆᾞο,</strong></span> <span class='ocrx_word' id='word_1_79' title='bbox 563 917 632 945; x_wconf 86' lang='lat' dir='ltr'><strong>eterra</strong></span> <span class='ocrx_word' id='word_1_80' title='bbox 643 913 674 944; x_wconf 88' lang='lat' dir='ltr'><strong>illa</strong></span> <span class='ocrx_word' id='word_1_81' title='bbox 686 913 729 944; x_wconf 78' lang='lat' dir='ltr'><strong>exiit</strong></span> <span class='ocrx_word' id='word_1_82' title='bbox 743 913 762 944; x_wconf 91' lang='lat' dir='ltr'><strong>in</strong></span> <span class='ocrx_word' id='word_1_83' title='bbox 774 913 830 954; x_wconf 89' lang='lat' dir='ltr'><strong>Assy-</strong></span> 
     </span>
     <span class='ocr_line' id='line_1_11' title="bbox 84 968 830 1011; baseline 0 -10"><span class='ocrx_word' id='word_1_84' title='bbox 84 971 129 1002; x_wconf 82' lang='lat' dir='ltr'><strong>riam</strong></span> <span class='ocrx_word' id='word_1_85' title='bbox 135 974 152 1002; x_wconf 87' lang='lat' dir='ltr'><strong>et</strong></span> <span class='ocrx_word' id='word_1_86' title='bbox 159 971 257 1004; x_wconf 82' lang='lat' dir='ltr'><strong>aedifieavit</strong></span> <span class='ocrx_word' id='word_1_87' title='bbox 263 971 296 1003; x_wconf 79' lang='lat' dir='ltr'><strong>et,“</strong></span> <span class='ocrx_word' id='word_1_88' title='bbox 303 970 332 1003; x_wconf 81' lang='lat' dir='ltr'><strong>Sic</strong></span> <span class='ocrx_word' id='word_1_89' title='bbox 338 970 392 1002; x_wconf 88' lang='lat' dir='ltr'><strong>verba</strong></span> <span class='ocrx_word' id='word_1_90' title='bbox 399 979 436 1001; x_wconf 90' lang='lat' dir='ltr'><strong>esse</strong></span> <span class='ocrx_word' id='word_1_91' title='bbox 443 969 533 1011; x_wconf 75' lang='lat' dir='ltr'><strong>vertenda,</strong></span> <span class='ocrx_word' id='word_1_92' title='bbox 542 969 599 1010; x_wconf 74' lang='lat' dir='ltr'><strong>univ,</strong></span> <span class='ocrx_word' id='word_1_93' title='bbox 607 969 668 1009; x_wconf 66' lang='lat' dir='ltr'><strong>nnus,</strong></span> <span class='ocrx_word' id='word_1_94' title='bbox 680 969 741 1009; x_wconf 75' lang='lat' dir='ltr'><strong>Tuon,</strong></span> <span class='ocrx_word' id='word_1_95' title='bbox 748 968 830 1009; x_wconf 68' lang='lat' dir='ltr'><strong>Krannon,</strong></span> 
     </span>
     <span class='ocr_line' id='line_1_12' title="bbox 84 1026 830 1069; baseline -0.001 -11"><span class='ocrx_word' id='word_1_96' title='bbox 84 1027 184 1059; x_wconf 84' lang='lat' dir='ltr'><strong>Dunrrzseu.</strong></span> <span class='ocrx_word' id='word_1_97' title='bbox 200 1029 261 1060; x_wconf 83' lang='lat' dir='ltr'><strong>secutis</strong></span> <span class='ocrx_word' id='word_1_98' title='bbox 278 1037 378 1069; x_wconf 78' lang='lat' dir='ltr'><strong>persuasum</strong></span> <span class='ocrx_word' id='word_1_99' title='bbox 397 1027 447 1059; x_wconf 84' lang='lat' dir='ltr'><strong>nobis</strong></span> <span class='ocrx_word' id='word_1_100' title='bbox 465 1031 496 1059; x_wconf 90' lang='lat' dir='ltr'><strong>est.</strong></span> <span class='ocrx_word' id='word_1_101' title='bbox 523 1027 602 1059; x_wconf 85' lang='lat' dir='ltr'><strong>Fuerunt</strong></span> <span class='ocrx_word' id='word_1_102' title='bbox 618 1030 676 1058; x_wconf 91' lang='lat' dir='ltr'><strong>autem</strong></span> <span class='ocrx_word' id='word_1_103' title='bbox 696 1027 725 1068; x_wconf 85' lang='lat' dir='ltr'><strong>qui</strong></span> <span class='ocrx_word' id='word_1_104' title='bbox 740 1026 830 1067; x_wconf 83' lang='lat' dir='ltr'><strong>Assurem,</strong></span> 
     </span>
     <span class='ocr_line' id='line_1_13' title="bbox 86 1081 831 1126; baseline -0.001 -10"><span class='ocrx_word' id='word_1_105' title='bbox 86 1083 133 1116; x_wconf 85' lang='lat' dir='ltr'><strong>Semi</strong></span> <span class='ocrx_word' id='word_1_106' title='bbox 145 1084 208 1124; x_wconf 82' lang='lat' dir='ltr'><strong>filium,</strong></span> <span class='ocrx_word' id='word_1_107' title='bbox 225 1087 293 1116; x_wconf 86' lang='lat' dir='ltr'><strong>eterra</strong></span> <span class='ocrx_word' id='word_1_108' title='bbox 305 1082 368 1116; x_wconf 86' lang='lat' dir='ltr'><strong>Sinear</strong></span> <span class='ocrx_word' id='word_1_109' title='bbox 383 1094 470 1126; x_wconf 86' lang='lat' dir='ltr'><strong>egressum</strong></span> <span class='ocrx_word' id='word_1_110' title='bbox 482 1081 608 1125; x_wconf 75' lang='lat' dir='ltr'><strong>intelligerent,</strong></span> <span class='ocrx_word' id='word_1_111' title='bbox 625 1093 634 1115; x_wconf 91' lang='lat' dir='ltr'><strong>e</strong></span> <span class='ocrx_word' id='word_1_112' title='bbox 647 1083 709 1125; x_wconf 86' lang='lat' dir='ltr'><strong>quibus</strong></span> <span class='ocrx_word' id='word_1_113' title='bbox 721 1084 831 1115; x_wconf 77' lang='lat' dir='ltr'><strong>nominamus</strong></span> 
     </span>
     <span class='ocr_line' id='line_1_14' title="bbox 85 1139 830 1183; baseline -0.001 -10"><span class='ocrx_word' id='word_1_114' title='bbox 85 1141 145 1181; x_wconf 81' lang='lat' dir='ltr'>LXX,</span> <span class='ocrx_word' id='word_1_115' title='bbox 157 1141 233 1182; x_wconf 75' lang='lat' dir='ltr'><strong>Iesum,</strong></span> <span class='ocrx_word' id='word_1_116' title='bbox 245 1141 328 1181; x_wconf 77' lang='lat' dir='ltr'><strong>Hieron,</strong></span> <span class='ocrx_word' id='word_1_117' title='bbox 340 1140 413 1180; x_wconf 70' lang='lat' dir='ltr'><strong>ausen,</strong></span> <span class='ocrx_word' id='word_1_118' title='bbox 422 1140 484 1181; x_wconf 77' lang='lat' dir='ltr'><strong>Lusu,</strong></span> <span class='ocrx_word' id='word_1_119' title='bbox 492 1141 577 1173; x_wconf 77' lang='lat' dir='ltr'><strong>Hurruru.</strong></span> <span class='ocrx_word' id='word_1_120' title='bbox 590 1141 618 1181; x_wconf 83' lang='lat' dir='ltr'><strong>(de</strong></span> <span class='ocrx_word' id='word_1_121' title='bbox 626 1141 677 1173; x_wconf 84' lang='lat' dir='ltr'><strong>rebus</strong></span> <span class='ocrx_word' id='word_1_122' title='bbox 683 1140 772 1182; x_wconf 86' lang='lat' dir='ltr'><strong>Lydorum</strong></span> <span class='ocrx_word' id='word_1_123' title='bbox 784 1152 800 1183; x_wconf 89' lang='lat' dir='ltr'><strong>p.</strong></span> <span class='ocrx_word' id='word_1_124' title='bbox 808 1139 830 1181; x_wconf 82' lang='lat'><strong>8),</strong></span> 
     </span>
     <span class='ocr_line' id='line_1_15' title="bbox 86 1197 831 1240; baseline -0.001 -10"><span class='ocrx_word' id='word_1_125' title='bbox 86 1198 116 1230; x_wconf 76' lang='lat' dir='ltr'><strong>en.</strong></span> <span class='ocrx_word' id='word_1_126' title='bbox 128 1198 187 1238; x_wconf 69' lang='lat' dir='ltr'><strong>Vultu,</strong></span> <span class='ocrx_word' id='word_1_127' title='bbox 202 1197 282 1230; x_wconf 80' lang='lat' dir='ltr'><strong>Nineveh</strong></span> <span class='ocrx_word' id='word_1_128' title='bbox 298 1197 332 1229; x_wconf 87' lang='lat' dir='ltr'><strong>and</strong></span> <span class='ocrx_word' id='word_1_129' title='bbox 344 1197 441 1239; x_wconf 85' lang='lat' dir='ltr'><strong>Persepolis</strong></span> <span class='ocrx_word' id='word_1_130' title='bbox 458 1208 474 1240; x_wconf 90' lang='lat' dir='ltr'><strong>p.</strong></span> <span class='ocrx_word' id='word_1_131' title='bbox 484 1199 503 1236; x_wconf 73' lang='grc' dir='ltr'><strong>ὃς</strong></span> <span class='ocrx_word' id='word_1_132' title='bbox 520 1197 581 1239; x_wconf 88' lang='lat' dir='ltr'><strong>quibus</strong></span> <span class='ocrx_word' id='word_1_133' title='bbox 598 1207 634 1229; x_wconf 92' lang='lat' dir='ltr'><strong>uon</strong></span> <span class='ocrx_word' id='word_1_134' title='bbox 649 1201 740 1238; x_wconf 75' lang='lat' dir='ltr'><strong>tantopere</strong></span> <span class='ocrx_word' id='word_1_135' title='bbox 756 1197 831 1229; x_wconf 77' lang='lat' dir='ltr'><strong>dixerim</strong></span> 
     </span>
     <span class='ocr_line' id='line_1_16' title="bbox 86 1253 831 1296; baseline -0.001 -10"><span class='ocrx_word' id='word_1_136' title='bbox 86 1255 164 1294; x_wconf 83' lang='lat' dir='ltr'><strong>obstare,</strong></span> <span class='ocrx_word' id='word_1_137' title='bbox 179 1255 226 1296; x_wconf 83' lang='lat' dir='ltr'><strong>quod</strong></span> <span class='ocrx_word' id='word_1_138' title='bbox 241 1255 323 1287; x_wconf 81' lang='lat' dir='ltr'><strong>hocloco</strong></span> <span class='ocrx_word' id='word_1_139' title='bbox 340 1254 362 1286; x_wconf 84' lang='lat' dir='ltr'><strong>de</strong></span> <span class='ocrx_word' id='word_1_140' title='bbox 373 1254 459 1293; x_wconf 77' lang='lat' dir='ltr'><strong>HamitiS,</strong></span> <span class='ocrx_word' id='word_1_141' title='bbox 475 1257 536 1295; x_wconf 85' lang='lat' dir='ltr'><strong>postea</strong></span> <span class='ocrx_word' id='word_1_142' title='bbox 553 1253 622 1286; x_wconf 84' lang='lat' dir='ltr'><strong>demum</strong></span> <span class='ocrx_word' id='word_1_143' title='bbox 639 1254 661 1286; x_wconf 87' lang='lat' dir='ltr'><strong>de</strong></span> <span class='ocrx_word' id='word_1_144' title='bbox 677 1253 747 1287; x_wconf 88' lang='lat' dir='ltr'><strong>Semitis</strong></span> <span class='ocrx_word' id='word_1_145' title='bbox 764 1253 831 1294; x_wconf 87' lang='lat' dir='ltr'><strong>dieitur,</strong></span> 
     </span>
     <span class='ocr_line' id='line_1_17' title="bbox 86 1310 832 1352; baseline -0.001 -10"><span class='ocrx_word' id='word_1_146' title='bbox 86 1320 138 1352; x_wconf 87' lang='lat' dir='ltr'><strong>quam</strong></span> <span class='ocrx_word' id='word_1_147' title='bbox 150 1321 218 1343; x_wconf 87' lang='lat' dir='ltr'><strong>omnem</strong></span> <span class='ocrx_word' id='word_1_148' title='bbox 229 1322 245 1344; x_wconf 78' lang='lat' dir='ltr'><strong>v.</strong></span> <span class='ocrx_word' id='word_1_149' title='bbox 255 1311 285 1343; x_wconf 73' lang='lat'>9111</span> <span class='ocrx_word' id='word_1_150' title='bbox 294 1312 380 1343; x_wconf 78' lang='lat' dir='ltr'><strong>rationem</strong></span> <span class='ocrx_word' id='word_1_151' title='bbox 392 1319 430 1342; x_wconf 90' lang='lat' dir='ltr'><strong>esse</strong></span> <span class='ocrx_word' id='word_1_152' title='bbox 442 1310 556 1350; x_wconf 85' lang='lat' dir='ltr'><strong>contrariam,</strong></span> <span class='ocrx_word' id='word_1_153' title='bbox 572 1311 634 1352; x_wconf 85' lang='lat' dir='ltr'><strong>quippe</strong></span> <span class='ocrx_word' id='word_1_154' title='bbox 650 1311 667 1342; x_wconf 92' lang='lat' dir='ltr'><strong>in</strong></span> <span class='ocrx_word' id='word_1_155' title='bbox 681 1321 714 1352; x_wconf 81' lang='lat' dir='ltr'><strong>qno</strong></span> <span class='ocrx_word' id='word_1_156' title='bbox 728 1310 832 1343; x_wconf 83' lang='lat' dir='ltr'><strong>dominatio-</strong></span> 
     </span>
     <span class='ocr_line' id='line_1_18' title="bbox 86 1367 831 1407; baseline -0.003 -8"><span class='ocrx_word' id='word_1_157' title='bbox 86 1368 112 1399; x_wconf 86' lang='lat' dir='ltr'><strong>nis</strong></span> <span class='ocrx_word' id='word_1_158' title='bbox 128 1367 240 1400; x_wconf 86' lang='lat' dir='ltr'><strong>Nimrodieae</strong></span> <span class='ocrx_word' id='word_1_159' title='bbox 255 1372 336 1400; x_wconf 82' lang='lat' dir='ltr'><strong>narratur</strong></span> <span class='ocrx_word' id='word_1_160' title='bbox 350 1367 449 1406; x_wconf 79' lang='lat' dir='ltr'><strong>initium,</strong></span> <span class='ocrx_word' id='word_1_161' title='bbox 464 1367 512 1398; x_wconf 86' lang='lat' dir='ltr'><strong>euius</strong></span> <span class='ocrx_word' id='word_1_162' title='bbox 530 1367 672 1399; x_wconf 78' lang='lat' dir='ltr'><strong>continuatio</strong></span> <span class='ocrx_word' id='word_1_163' title='bbox 694 1372 711 1399; x_wconf 88' lang='lat' dir='ltr'><strong>et</strong></span> <span class='ocrx_word' id='word_1_164' title='bbox 730 1375 831 1407; x_wconf 83' lang='lat' dir='ltr'><strong>progressus</strong></span> 
     </span>
     <span class='ocr_line' id='line_1_19' title="bbox 86 1423 832 1466; baseline 0 -10"><span class='ocrx_word' id='word_1_165' title='bbox 86 1435 169 1466; x_wconf 82' lang='lat' dir='ltr'><strong>nusquam</strong></span> <span class='ocrx_word' id='word_1_166' title='bbox 182 1426 255 1457; x_wconf 78' lang='lat' dir='ltr'><strong>inveniri</strong></span> <span class='ocrx_word' id='word_1_167' title='bbox 268 1429 325 1466; x_wconf 85' lang='lat' dir='ltr'><strong>potest</strong></span> <span class='ocrx_word' id='word_1_168' title='bbox 336 1424 369 1455; x_wconf 88' lang='lat' dir='ltr'><strong>nisi</strong></span> <span class='ocrx_word' id='word_1_169' title='bbox 382 1423 408 1454; x_wconf 88' lang='lat' dir='ltr'><strong>his</strong></span> <span class='ocrx_word' id='word_1_170' title='bbox 421 1423 476 1455; x_wconf 79' lang='lat' dir='ltr'><strong>uerbis</strong></span> <span class='ocrx_word' id='word_1_171' title='bbox 489 1424 627 1465; x_wconf 85' lang='lat' dir='ltr'><strong>eomprehensus.</strong></span> <span class='ocrx_word' id='word_1_172' title='bbox 644 1424 699 1456; x_wconf 83' lang='lat' dir='ltr'><strong>Porro</strong></span> <span class='ocrx_word' id='word_1_173' title='bbox 712 1424 746 1464; x_wconf 83' lang='lat' dir='ltr'><strong>alii,</strong></span> <span class='ocrx_word' id='word_1_174' title='bbox 760 1424 832 1465; x_wconf 65' lang='lat' dir='ltr'><strong>Urunt,</strong></span> 
     </span>
     <span class='ocr_line' id='line_1_20' title="bbox 55 1479 833 1524; baseline 0.001 -12"><span class='ocrx_word' id='word_1_175' title='bbox 55 1494 57 1497; x_wconf 54' lang='lat'>&gt;</span> <span class='ocrx_word' id='word_1_176' title='bbox 86 1481 139 1513; x_wconf 76' lang='lat' dir='ltr'><strong>Coun.</strong></span> <span class='ocrx_word' id='word_1_177' title='bbox 151 1491 163 1513; x_wconf 80' lang='lat' dir='ltr'><strong>A</strong></span> <span class='ocrx_word' id='word_1_178' title='bbox 174 1482 247 1523; x_wconf 73' lang='lat' dir='ltr'><strong>Larius,</strong></span> <span class='ocrx_word' id='word_1_179' title='bbox 263 1482 352 1514; x_wconf 47' lang='lat' dir='ltr'><strong>Prnnrnni</strong></span> <span class='ocrx_word' id='word_1_180' title='bbox 369 1481 428 1522; x_wconf 81' lang='lat' dir='ltr'><strong>(dubia</strong></span> <span class='ocrx_word' id='word_1_181' title='bbox 440 1485 504 1512; x_wconf 75' lang='lat' dir='ltr'><strong>vexata</strong></span> <span class='ocrx_word' id='word_1_182' title='bbox 516 1490 532 1521; x_wconf 94' lang='lat' dir='ltr'><strong>p.</strong></span> <span class='ocrx_word' id='word_1_183' title='bbox 542 1479 570 1520; x_wconf 76' lang='lat'><strong>82)</strong></span> <span class='ocrx_word' id='word_1_184' title='bbox 584 1482 678 1520; x_wconf 82' lang='lat' dir='ltr'><strong>,Assurem</strong></span> <span class='ocrx_word' id='word_1_185' title='bbox 694 1486 763 1513; x_wconf 88' lang='lat' dir='ltr'><strong>sumunt</strong></span> <span class='ocrx_word' id='word_1_186' title='bbox 774 1491 833 1524; x_wconf 88' lang='lat' dir='ltr'><strong>perso-</strong></span> 
     </span>
     <span class='ocr_line' id='line_1_21' title="bbox 88 1536 833 1580; baseline 0.001 -10"><span class='ocrx_word' id='word_1_187' title='bbox 88 1539 151 1570; x_wconf 83' lang='lat' dir='ltr'><strong>nuliter</strong></span> <span class='ocrx_word' id='word_1_188' title='bbox 163 1549 194 1580; x_wconf 91' lang='lat' dir='ltr'><strong>pro</strong></span> <span class='ocrx_word' id='word_1_189' title='bbox 206 1539 241 1570; x_wconf 87' lang='lat' dir='ltr'><strong>filio</strong></span> <span class='ocrx_word' id='word_1_190' title='bbox 250 1538 331 1571; x_wconf 84' lang='lat' dir='ltr'><strong>Nimrodi</strong></span> <span class='ocrx_word' id='word_1_191' title='bbox 342 1539 372 1580; x_wconf 82' lang='lat' dir='ltr'><strong>qui</strong></span> <span class='ocrx_word' id='word_1_192' title='bbox 384 1538 430 1580; x_wconf 83' lang='lat' dir='ltr'><strong>apud</strong></span> <span class='ocrx_word' id='word_1_193' title='bbox 441 1538 523 1580; x_wconf 78' lang='lat' dir='ltr'><strong>profanos</strong></span> <span class='ocrx_word' id='word_1_194' title='bbox 536 1538 632 1580; x_wconf 74' lang='lat' dir='ltr'><strong>appellatur</strong></span> <span class='ocrx_word' id='word_1_195' title='bbox 641 1536 707 1569; x_wconf 83' lang='lat' dir='ltr'><strong>Ninus“</strong></span> <span class='ocrx_word' id='word_1_196' title='bbox 722 1557 743 1561; x_wconf 91' lang='lat'>—</span> <span class='ocrx_word' id='word_1_197' title='bbox 755 1538 774 1570; x_wconf 88' lang='lat' dir='ltr'><strong>id</strong></span> <span class='ocrx_word' id='word_1_198' title='bbox 786 1538 833 1580; x_wconf 88' lang='lat' dir='ltr'><strong>quod</strong></span> 
     </span>
     <span class='ocr_line' id='line_1_22' title="bbox 87 1594 833 1638; baseline 0.001 -12"><span class='ocrx_word' id='word_1_199' title='bbox 87 1605 118 1637; x_wconf 89' lang='lat' dir='ltr'><strong>per</strong></span> <span class='ocrx_word' id='word_1_200' title='bbox 130 1605 148 1626; x_wconf 91' lang='lat' dir='ltr'><strong>se</strong></span> <span class='ocrx_word' id='word_1_201' title='bbox 161 1599 239 1627; x_wconf 80' lang='lat' dir='ltr'><strong>eonstere</strong></span> <span class='ocrx_word' id='word_1_202' title='bbox 251 1597 310 1638; x_wconf 88' lang='lat' dir='ltr'><strong>nequit</strong></span> <span class='ocrx_word' id='word_1_203' title='bbox 323 1600 340 1627; x_wconf 89' lang='lat' dir='ltr'><strong>et</strong></span> <span class='ocrx_word' id='word_1_204' title='bbox 352 1596 439 1636; x_wconf 82' lang='lat' dir='ltr'><strong>ingentem</strong></span> <span class='ocrx_word' id='word_1_205' title='bbox 452 1596 505 1627; x_wconf 80' lang='lat' dir='ltr'><strong>etium</strong></span> <span class='ocrx_word' id='word_1_206' title='bbox 516 1594 573 1626; x_wconf 81' lang='lat' dir='ltr'><strong>uerbis</strong></span> <span class='ocrx_word' id='word_1_207' title='bbox 587 1595 679 1635; x_wconf 79' lang='lat' dir='ltr'><strong>ealiginem</strong></span> <span class='ocrx_word' id='word_1_208' title='bbox 691 1594 771 1627; x_wconf 84' lang='lat' dir='ltr'><strong>effundit.</strong></span> <span class='ocrx_word' id='word_1_209' title='bbox 794 1595 833 1627; x_wconf 85' lang='lat' dir='ltr'><strong>Nee</strong></span> 
     </span>
     <span class='ocr_line' id='line_1_23' title="bbox 88 1650 833 1695; baseline 0 -11"><span class='ocrx_word' id='word_1_210' title='bbox 88 1653 144 1684; x_wconf 85' lang='lat' dir='ltr'><strong>minus</strong></span> <span class='ocrx_word' id='word_1_211' title='bbox 155 1653 208 1694; x_wconf 84' lang='lat' dir='ltr'><strong>igitur</strong></span> <span class='ocrx_word' id='word_1_212' title='bbox 220 1653 352 1695; x_wconf 84' lang='lat' dir='ltr'><strong>improbandum</strong></span> <span class='ocrx_word' id='word_1_213' title='bbox 365 1657 399 1692; x_wconf 87' lang='lat' dir='ltr'><strong>est,</strong></span> <span class='ocrx_word' id='word_1_214' title='bbox 412 1652 458 1693; x_wconf 88' lang='lat' dir='ltr'><strong>quod</strong></span> <span class='ocrx_word' id='word_1_215' title='bbox 470 1651 583 1694; x_wconf 68' lang='lat' dir='ltr'><strong>Qnrnnunnn</strong></span> <span class='ocrx_word' id='word_1_216' title='bbox 596 1652 662 1694; x_wconf 82' lang='lat' dir='ltr'><strong>(Journ.</strong></span> <span class='ocrx_word' id='word_1_217' title='bbox 676 1652 693 1687; x_wconf 83' lang='lat' dir='ltr'><strong>d.</strong></span> <span class='ocrx_word' id='word_1_218' title='bbox 706 1650 773 1684; x_wconf 76' lang='lat' dir='ltr'><strong>Sarnus</strong></span> <span class='ocrx_word' id='word_1_219' title='bbox 781 1652 833 1692; x_wconf 75' lang='grc'><strong>1849,</strong></span> 
     </span>
     <span class='ocr_line' id='line_1_24' title="bbox 87 1708 834 1751; baseline -0.001 -9"><span class='ocrx_word' id='word_1_220' title='bbox 87 1720 103 1751; x_wconf 73' lang='grc' dir='ltr'><strong>Ρ,</strong></span> <span class='ocrx_word' id='word_1_221' title='bbox 111 1710 151 1751; x_wconf 76' lang='grc'>560)</span> <span class='ocrx_word' id='word_1_222' title='bbox 163 1714 180 1741; x_wconf 87' lang='lat' dir='ltr'><strong>et</strong></span> <span class='ocrx_word' id='word_1_223' title='bbox 191 1710 277 1742; x_wconf 79' lang='lat' dir='ltr'><strong>Hurrunu.</strong></span> <span class='ocrx_word' id='word_1_224' title='bbox 290 1710 302 1742; x_wconf 87' lang='grc'><strong>1.</strong></span> <span class='ocrx_word' id='word_1_225' title='bbox 310 1710 321 1740; x_wconf 88' lang='lat' dir='ltr'><strong>l.</strong></span> <span class='ocrx_word' id='word_1_226' title='bbox 334 1709 374 1741; x_wconf 85' lang='lat' dir='ltr'><strong>hino</strong></span> <span class='ocrx_word' id='word_1_227' title='bbox 386 1709 420 1740; x_wconf 82' lang='lat' dir='ltr'><strong>sibi</strong></span> <span class='ocrx_word' id='word_1_228' title='bbox 431 1708 512 1741; x_wconf 84' lang='lat' dir='ltr'><strong>videntur</strong></span> <span class='ocrx_word' id='word_1_229' title='bbox 525 1710 595 1742; x_wconf 81' lang='lat' dir='ltr'><strong>elicere:</strong></span> <span class='ocrx_word' id='word_1_230' title='bbox 610 1710 642 1751; x_wconf 81' lang='lat' dir='ltr'><strong>„ab</strong></span> <span class='ocrx_word' id='word_1_231' title='bbox 654 1708 687 1741; x_wconf 84' lang='lat' dir='ltr'><strong>hae</strong></span> <span class='ocrx_word' id='word_1_232' title='bbox 699 1709 767 1741; x_wconf 83' lang='lat' dir='ltr'><strong>colonia</strong></span> <span class='ocrx_word' id='word_1_233' title='bbox 779 1708 834 1742; x_wconf 87' lang='lat' dir='ltr'><strong>Serni-</strong></span> 
     </span>
     <span class='ocr_line' id='line_1_25' title="bbox 88 1765 834 1809; baseline 0 -10"><span class='ocrx_word' id='word_1_234' title='bbox 88 1767 131 1807; x_wconf 83' lang='lat' dir='ltr'><strong>tiea,</strong></span> <span class='ocrx_word' id='word_1_235' title='bbox 144 1777 188 1809; x_wconf 80' lang='lat' dir='ltr'><strong>quae</strong></span> <span class='ocrx_word' id='word_1_236' title='bbox 200 1766 285 1799; x_wconf 82' lang='lat' dir='ltr'><strong>Gnsebitis</strong></span> <span class='ocrx_word' id='word_1_237' title='bbox 297 1767 316 1798; x_wconf 91' lang='lat' dir='ltr'><strong>in</strong></span> <span class='ocrx_word' id='word_1_238' title='bbox 324 1765 440 1807; x_wconf 81' lang='lat' dir='ltr'><strong>Babyloniam</strong></span> <span class='ocrx_word' id='word_1_239' title='bbox 451 1767 556 1799; x_wconf 86' lang='lat' dir='ltr'><strong>irruentibus</strong></span> <span class='ocrx_word' id='word_1_240' title='bbox 568 1768 587 1799; x_wconf 85' lang='lat' dir='ltr'><strong>in</strong></span> <span class='ocrx_word' id='word_1_241' title='bbox 595 1767 708 1808; x_wconf 82' lang='lat' dir='ltr'><strong>Assyriorum</strong></span> <span class='ocrx_word' id='word_1_242' title='bbox 719 1767 782 1799; x_wconf 86' lang='lat' dir='ltr'><strong>finibus</strong></span> <span class='ocrx_word' id='word_1_243' title='bbox 794 1777 834 1799; x_wconf 88' lang='lat' dir='ltr'><strong>eon-</strong></span> 
     </span>
     <span class='ocr_line' id='line_1_26' title="bbox 89 1822 835 1866; baseline -0.003 -9"><span class='ocrx_word' id='word_1_244' title='bbox 89 1825 170 1865; x_wconf 80' lang='lat' dir='ltr'><strong>sedisset,</strong></span> <span class='ocrx_word' id='word_1_245' title='bbox 182 1833 248 1857; x_wconf 85' lang='lat' dir='ltr'><strong>nomen</strong></span> <span class='ocrx_word' id='word_1_246' title='bbox 259 1828 277 1855; x_wconf 87' lang='lat' dir='ltr'><strong>et</strong></span> <span class='ocrx_word' id='word_1_247' title='bbox 288 1833 363 1864; x_wconf 79' lang='lat' dir='ltr'><strong>regnum</strong></span> <span class='ocrx_word' id='word_1_248' title='bbox 371 1824 485 1864; x_wconf 81' lang='lat' dir='ltr'><strong>Assyriorum</strong></span> <span class='ocrx_word' id='word_1_249' title='bbox 497 1825 562 1866; x_wconf 81' lang='lat' dir='ltr'><strong>cepisse</strong></span> <span class='ocrx_word' id='word_1_250' title='bbox 575 1822 659 1856; x_wconf 80' lang='lat' dir='ltr'><strong>initium.“</strong></span> <span class='ocrx_word' id='word_1_251' title='bbox 672 1823 835 1856; x_wconf 84' lang='lat' dir='ltr'><strong>Iamreronostrae</strong></span> 
     </span>
     <span class='ocr_line' id='line_1_27' title="bbox 88 1880 867 1928; baseline -0.001 -15"><span class='ocrx_word' id='word_1_252' title='bbox 88 1882 226 1924; x_wconf 76' lang='lat' dir='ltr'><strong>interpretationi</strong></span> <span class='ocrx_word' id='word_1_253' title='bbox 240 1881 394 1922; x_wconf 69' lang='lat' dir='ltr'><strong>exprobraverunt,</strong></span> <span class='ocrx_word' id='word_1_254' title='bbox 411 1880 428 1920; x_wconf 84' lang='lat' dir='ltr'><strong>a)</strong></span> <span class='ocrx_word' id='word_1_255' title='bbox 441 1880 526 1921; x_wconf 86' lang='lat' dir='ltr'><strong>siquidem</strong></span> <span class='ocrx_word' id='word_1_256' title='bbox 539 1886 595 1918; x_wconf 59' lang='lat' dir='ltr'><strong>&#39;tit-”m</strong></span> <span class='ocrx_word' id='word_1_257' title='bbox 608 1886 653 1913; x_wconf 87' lang='lat' dir='ltr'><strong>esset</strong></span> <span class='ocrx_word' id='word_1_258' title='bbox 669 1891 723 1912; x_wconf 84' lang='lat' dir='ltr'><strong>aeeus.</strong></span> <span class='ocrx_word' id='word_1_259' title='bbox 739 1881 782 1921; x_wconf 90' lang='lat' dir='ltr'><strong>looi,</strong></span> <span class='ocrx_word' id='word_1_260' title='bbox 799 1891 835 1913; x_wconf 86' lang='lat' dir='ltr'><strong>non</strong></span> <span class='ocrx_word' id='word_1_261' title='bbox 863 1920 867 1928; x_wconf 47' lang='grc' dir='ltr'><strong><em>Ι</em></strong></span> 
     </span>
     <span class='ocr_line' id='line_1_28' title="bbox 89 1935 834 1979; baseline -0.001 -10"><span class='ocrx_word' id='word_1_262' title='bbox 89 1937 153 1970; x_wconf 84' lang='lat' dir='ltr'><strong>debere</strong></span> <span class='ocrx_word' id='word_1_263' title='bbox 165 1937 225 1969; x_wconf 84' lang='lat' dir='ltr'><strong>deesse</strong></span> <span class='ocrx_word' id='word_1_264' title='bbox 238 1945 251 1971; x_wconf 71' lang='grc' dir='ltr'><strong>Π</strong></span> <span class='ocrx_word' id='word_1_265' title='bbox 264 1937 336 1969; x_wconf 87' lang='lat' dir='ltr'><strong>loualem</strong></span> <span class='ocrx_word' id='word_1_266' title='bbox 349 1937 446 1977; x_wconf 78' lang='lat' dir='ltr'><strong>(Prummu,</strong></span> <span class='ocrx_word' id='word_1_267' title='bbox 459 1935 557 1977; x_wconf 76' lang='lat' dir='ltr'><strong>Senuunur,</strong></span> <span class='ocrx_word' id='word_1_268' title='bbox 569 1946 584 1969; x_wconf 90' lang='lat' dir='ltr'><strong>v.</strong></span> <span class='ocrx_word' id='word_1_269' title='bbox 592 1936 677 1979; x_wconf 75' lang='lat' dir='ltr'><strong>Bomnr);</strong></span> <span class='ocrx_word' id='word_1_270' title='bbox 690 1943 708 1969; x_wconf 81' lang='lat' dir='ltr'><strong>ut</strong></span> <span class='ocrx_word' id='word_1_271' title='bbox 716 1938 770 1970; x_wconf 77' lang='lat' dir='ltr'><strong>Tuon.</strong></span> <span class='ocrx_word' id='word_1_272' title='bbox 782 1937 834 1978; x_wconf 84' lang='lat' dir='ltr'><strong>(Gen.</strong></span> 
     </span>
     <span class='ocr_line' id='line_1_29' title="bbox 88 1993 835 2037; baseline -0.001 -10"><span class='ocrx_word' id='word_1_273' title='bbox 88 2007 105 2037; x_wconf 95' lang='lat' dir='ltr'><strong>p.</strong></span> <span class='ocrx_word' id='word_1_274' title='bbox 114 1995 147 2027; x_wconf 73' lang='lat'><strong>236</strong></span> <span class='ocrx_word' id='word_1_275' title='bbox 160 1995 225 2026; x_wconf 83' lang='lat' dir='ltr'><strong>dudum</strong></span> <span class='ocrx_word' id='word_1_276' title='bbox 238 1995 310 2034; x_wconf 89' lang='lat' dir='ltr'><strong>monuit,</strong></span> <span class='ocrx_word' id='word_1_277' title='bbox 323 1994 401 2026; x_wconf 82' lang='lat' dir='ltr'><strong>similiter</strong></span> <span class='ocrx_word' id='word_1_278' title='bbox 409 1994 469 2026; x_wconf 86' lang='lat' dir='ltr'><strong>deesse</strong></span> <span class='ocrx_word' id='word_1_279' title='bbox 481 2000 495 2026; x_wconf 70' lang='lat' dir='ltr'><strong>si</strong></span> <span class='ocrx_word' id='word_1_280' title='bbox 511 1994 563 2026; x_wconf 88' lang='lat' dir='ltr'><strong>Dent.</strong></span> <span class='ocrx_word' id='word_1_281' title='bbox 575 1994 666 2034; x_wconf 80' lang='lat' dir='ltr'>XXVIII,</span> <span class='ocrx_word' id='word_1_282' title='bbox 680 1995 707 2027; x_wconf 76' lang='grc'><strong>68.</strong></span> <span class='ocrx_word' id='word_1_283' title='bbox 728 1993 788 2036; x_wconf 72' lang='lat' dir='ltr'><strong>tReg.</strong></span> <span class='ocrx_word' id='word_1_284' title='bbox 800 1993 835 2034; x_wconf 80' lang='lat' dir='ltr'><strong>XI,</strong></span> 
     </span>
     <span class='ocr_line' id='line_1_30' title="bbox 90 2049 835 2093; baseline -0.003 -9"><span class='ocrx_word' id='word_1_285' title='bbox 90 2053 117 2084; x_wconf 78' lang='lat'><strong>17.</strong></span> <span class='ocrx_word' id='word_1_286' title='bbox 128 2051 193 2092; x_wconf 76' lang='lat' dir='ltr'>XXII,</span> <span class='ocrx_word' id='word_1_287' title='bbox 200 2052 227 2083; x_wconf 79' lang='lat'><strong>37.</strong></span> <span class='ocrx_word' id='word_1_288' title='bbox 240 2051 299 2093; x_wconf 75' lang='lat' dir='ltr'><strong>2Reg.</strong></span> <span class='ocrx_word' id='word_1_289' title='bbox 306 2052 333 2091; x_wconf 81' lang='lat' dir='ltr'><strong>X,</strong></span> <span class='ocrx_word' id='word_1_290' title='bbox 342 2053 368 2083; x_wconf 78' lang='grc'><strong>17.</strong></span> <span class='ocrx_word' id='word_1_291' title='bbox 380 2052 421 2092; x_wconf 83' lang='lat' dir='ltr'><strong>XV,</strong></span> <span class='ocrx_word' id='word_1_292' title='bbox 431 2052 461 2093; x_wconf 73' lang='lat'><strong>143</strong></span> <span class='ocrx_word' id='word_1_293' title='bbox 475 2051 504 2083; x_wconf 85' lang='lat' dir='ltr'><strong>efr.</strong></span> <span class='ocrx_word' id='word_1_294' title='bbox 513 2050 587 2083; x_wconf 74' lang='lat' dir='ltr'><strong>Ermum</strong></span> <span class='ocrx_word' id='word_1_295' title='bbox 598 2052 681 2083; x_wconf 83' lang='lat' dir='ltr'><strong>ansffibrl.</strong></span> <span class='ocrx_word' id='word_1_296' title='bbox 693 2051 756 2083; x_wconf 87' lang='lat' dir='ltr'><strong>Lebrb.</strong></span> <span class='ocrx_word' id='word_1_297' title='bbox 769 2049 785 2091; x_wconf 65' lang='grc' dir='ltr'><strong>ξ.</strong></span> <span class='ocrx_word' id='word_1_298' title='bbox 794 2051 835 2090; x_wconf 73' lang='lat'>¹282,</span> 
     </span>
     <span class='ocr_line' id='line_1_31' title="bbox 90 2095 835 2150; baseline -0.004 -9"><span class='ocrx_word' id='word_1_299' title='bbox 90 2119 109 2149; x_wconf 83' lang='lat' dir='ltr'><strong>a,</strong></span> <span class='ocrx_word' id='word_1_300' title='bbox 122 2111 138 2141; x_wconf 94' lang='lat'><strong>1.</strong></span> <span class='ocrx_word' id='word_1_301' title='bbox 161 2108 179 2149; x_wconf 89' lang='lat' dir='ltr'><strong>b)</strong></span> <span class='ocrx_word' id='word_1_302' title='bbox 191 2114 247 2146; x_wconf 61' lang='lat' dir='ltr'><strong>numu</strong></span> <span class='ocrx_word' id='word_1_303' title='bbox 259 2112 342 2150; x_wconf 80' lang='lat' dir='ltr'><strong>tanquam</strong></span> <span class='ocrx_word' id='word_1_304' title='bbox 354 2110 430 2149; x_wconf 82' lang='lat' dir='ltr'><strong>regionis</strong></span> <span class='ocrx_word' id='word_1_305' title='bbox 441 2118 506 2140; x_wconf 89' lang='lat' dir='ltr'><strong>nemen</strong></span> <span class='ocrx_word' id='word_1_306' title='bbox 516 2095 595 2140; x_wconf 80' lang='lat' dir='ltr'><strong>nondum</strong></span> <span class='ocrx_word' id='word_1_307' title='bbox 609 2113 669 2140; x_wconf 90' lang='lat' dir='ltr'><strong>notum</strong></span> <span class='ocrx_word' id='word_1_308' title='bbox 686 2118 723 2140; x_wconf 90' lang='lat' dir='ltr'><strong>esse</strong></span> <span class='ocrx_word' id='word_1_309' title='bbox 738 2107 835 2150; x_wconf 79' lang='lat' dir='ltr'><strong>legentibus</strong></span> 
     </span>
     <span class='ocr_line' id='line_1_32' title="bbox 90 2164 837 2208; baseline -0.003 -10"><span class='ocrx_word' id='word_1_310' title='bbox 90 2170 148 2198; x_wconf 87' lang='lat' dir='ltr'><strong>monet</strong></span> <span class='ocrx_word' id='word_1_311' title='bbox 159 2165 271 2205; x_wconf 80' lang='lat' dir='ltr'><strong>Prn1rrnuus3</strong></span> <span class='ocrx_word' id='word_1_312' title='bbox 284 2170 302 2196; x_wconf 81' lang='lat' dir='ltr'><strong>at</strong></span> <span class='ocrx_word' id='word_1_313' title='bbox 313 2175 354 2197; x_wconf 84' lang='lat' dir='ltr'><strong>vero</strong></span> <span class='ocrx_word' id='word_1_314' title='bbox 367 2166 440 2197; x_wconf 78' lang='lat' dir='ltr'><strong>liabetur</strong></span> <span class='ocrx_word' id='word_1_315' title='bbox 452 2175 472 2197; x_wconf 91' lang='lat' dir='ltr'><strong>eo</strong></span> <span class='ocrx_word' id='word_1_316' title='bbox 485 2175 537 2198; x_wconf 88' lang='lat' dir='ltr'><strong>sensu</strong></span> <span class='ocrx_word' id='word_1_317' title='bbox 549 2166 576 2206; x_wconf 88' lang='lat' dir='ltr'><strong>II,</strong></span> <span class='ocrx_word' id='word_1_318' title='bbox 589 2166 612 2198; x_wconf 79' lang='lat'><strong>14</strong></span> <span class='ocrx_word' id='word_1_319' title='bbox 630 2171 687 2203; x_wconf 58' lang='lat' dir='ltr'><strong>&#39;timu</strong></span> <span class='ocrx_word' id='word_1_320' title='bbox 703 2170 765 2208; x_wconf 56' lang='lat' dir='ltr'><strong>tituil).</strong></span> <span class='ocrx_word' id='word_1_321' title='bbox 788 2164 837 2196; x_wconf 83' lang='lat' dir='ltr'><strong>Reli-</strong></span> 
     </span>
     <span class='ocr_line' id='line_1_33' title="bbox 91 2220 837 2264; baseline 0.001 -11"><span class='ocrx_word' id='word_1_322' title='bbox 91 2232 125 2264; x_wconf 77' lang='lat' dir='ltr'><strong>quo</strong></span> <span class='ocrx_word' id='word_1_323' title='bbox 136 2221 202 2254; x_wconf 81' lang='lat' dir='ltr'><strong>Prsrrr.</strong></span> <span class='ocrx_word' id='word_1_324' title='bbox 219 2226 320 2263; x_wconf 79' lang='lat' dir='ltr'><strong>argumenta</strong></span> <span class='ocrx_word' id='word_1_325' title='bbox 335 2232 367 2264; x_wconf 88' lang='lat' dir='ltr'><strong>pro</strong></span> <span class='ocrx_word' id='word_1_326' title='bbox 383 2222 438 2254; x_wconf 86' lang='lat' dir='ltr'><strong>nihilo</strong></span> <span class='ocrx_word' id='word_1_327' title='bbox 453 2222 535 2255; x_wconf 80' lang='lat' dir='ltr'><strong>habenda</strong></span> <span class='ocrx_word' id='word_1_328' title='bbox 545 2232 638 2255; x_wconf 79' lang='lat' dir='ltr'><strong>censemus.</strong></span> <span class='ocrx_word' id='word_1_329' title='bbox 661 2220 700 2252; x_wconf 85' lang='lat' dir='ltr'><strong>Iam</strong></span> <span class='ocrx_word' id='word_1_330' title='bbox 712 2230 753 2253; x_wconf 85' lang='lat' dir='ltr'><strong>vero</strong></span> <span class='ocrx_word' id='word_1_331' title='bbox 765 2226 837 2254; x_wconf 90' lang='lat' dir='ltr'><strong>nostrae</strong></span> 
     </span>
     <span class='ocr_line' id='line_1_34' title="bbox 91 2279 836 2322; baseline -0.001 -10"><span class='ocrx_word' id='word_1_332' title='bbox 91 2280 185 2312; x_wconf 79' lang='lat' dir='ltr'><strong>sententiae</strong></span> <span class='ocrx_word' id='word_1_333' title='bbox 202 2284 270 2321; x_wconf 83' lang='lat' dir='ltr'><strong>praeter</strong></span> <span class='ocrx_word' id='word_1_334' title='bbox 285 2283 405 2320; x_wconf 77' lang='lat' dir='ltr'><strong>argumentum</strong></span> <span class='ocrx_word' id='word_1_335' title='bbox 420 2279 463 2311; x_wconf 88' lang='lat' dir='ltr'><strong>illud</strong></span> <span class='ocrx_word' id='word_1_336' title='bbox 479 2290 530 2322; x_wconf 87' lang='lat' dir='ltr'><strong>supra</strong></span> <span class='ocrx_word' id='word_1_337' title='bbox 545 2280 655 2321; x_wconf 79' lang='lat' dir='ltr'><strong>indigitatum</strong></span> <span class='ocrx_word' id='word_1_338' title='bbox 672 2288 777 2320; x_wconf 81' lang='lat' dir='ltr'><strong>magnopere</strong></span> <span class='ocrx_word' id='word_1_339' title='bbox 789 2279 836 2311; x_wconf 80' lang='lat' dir='ltr'><strong>favet</strong></span> 
     </span>
     <span class='ocr_line' id='line_1_35' title="bbox 92 2329 836 2380; baseline 0 -11"><span class='ocrx_word' id='word_1_340' title='bbox 92 2336 108 2378; x_wconf 85' lang='lat' dir='ltr'><strong>a)</strong></span> <span class='ocrx_word' id='word_1_341' title='bbox 126 2337 173 2379; x_wconf 83' lang='lat' dir='ltr'><strong>quod</strong></span> <span class='ocrx_word' id='word_1_342' title='bbox 194 2340 232 2370; x_wconf 58' lang='lat' dir='ltr'><strong>NE*</strong></span> <span class='ocrx_word' id='word_1_343' title='bbox 243 2336 290 2369; x_wconf 89' lang='lat' dir='ltr'><strong>baud</strong></span> <span class='ocrx_word' id='word_1_344' title='bbox 302 2346 342 2368; x_wconf 89' lang='lat' dir='ltr'><strong>raro</strong></span> <span class='ocrx_word' id='word_1_345' title='bbox 355 2345 406 2368; x_wconf 86' lang='lat' dir='ltr'><strong>sensu</strong></span> <span class='ocrx_word' id='word_1_346' title='bbox 417 2336 477 2369; x_wconf 87' lang='lat' dir='ltr'><strong>hostili</strong></span> <span class='ocrx_word' id='word_1_347' title='bbox 489 2337 553 2370; x_wconf 86' lang='lat' dir='ltr'><strong>dietum</strong></span> <span class='ocrx_word' id='word_1_348' title='bbox 568 2338 640 2380; x_wconf 81' lang='lat' dir='ltr'><strong>legitur:</strong></span> <span class='ocrx_word' id='word_1_349' title='bbox 657 2337 717 2380; x_wconf 79' lang='lat' dir='ltr'><strong>egredi</strong></span> <span class='ocrx_word' id='word_1_350' title='bbox 732 2337 750 2368; x_wconf 91' lang='lat' dir='ltr'><strong>in</strong></span> <span class='ocrx_word' id='word_1_351' title='bbox 765 2329 836 2377; x_wconf 83' lang='lat' dir='ltr'><strong>bellum,</strong></span> 
     </span>
     <span class='ocr_line' id='line_1_36' title="bbox 92 2392 838 2436; baseline -0.003 -9"><span class='ocrx_word' id='word_1_352' title='bbox 92 2394 121 2427; x_wconf 79' lang='lat' dir='ltr'><strong>etr.</strong></span> <span class='ocrx_word' id='word_1_353' title='bbox 134 2392 200 2427; x_wconf 78' lang='lat' dir='ltr'><strong>2Sam.</strong></span> <span class='ocrx_word' id='word_1_354' title='bbox 212 2394 249 2436; x_wconf 74' lang='lat' dir='ltr'><strong>XI,</strong></span> <span class='ocrx_word' id='word_1_355' title='bbox 261 2396 276 2426; x_wconf 88' lang='grc'><strong>1.</strong></span> <span class='ocrx_word' id='word_1_356' title='bbox 289 2393 322 2426; x_wconf 89' lang='lat' dir='ltr'><strong>Ies.</strong></span> <span class='ocrx_word' id='word_1_357' title='bbox 334 2393 396 2434; x_wconf 81' lang='lat' dir='ltr'>XLII,</span> <span class='ocrx_word' id='word_1_358' title='bbox 409 2394 436 2427; x_wconf 79' lang='lat'><strong>13.</strong></span> <span class='ocrx_word' id='word_1_359' title='bbox 450 2394 479 2426; x_wconf 88' lang='lat' dir='ltr'><strong>Ps.</strong></span> <span class='ocrx_word' id='word_1_360' title='bbox 491 2395 533 2436; x_wconf 75' lang='lat' dir='ltr'><strong>Lx,</strong></span> <span class='ocrx_word' id='word_1_361' title='bbox 547 2397 574 2427; x_wconf 78' lang='lat'><strong>12.</strong></span> <span class='ocrx_word' id='word_1_362' title='bbox 598 2394 616 2435; x_wconf 83' lang='lat' dir='ltr'><strong>h)</strong></span> <span class='ocrx_word' id='word_1_363' title='bbox 629 2394 703 2435; x_wconf 76' lang='lat' dir='ltr'><strong>aceedit,</strong></span> <span class='ocrx_word' id='word_1_364' title='bbox 719 2393 766 2436; x_wconf 79' lang='lat' dir='ltr'><strong>qued</strong></span> <span class='ocrx_word' id='word_1_365' title='bbox 778 2393 838 2426; x_wconf 76' lang='lat' dir='ltr'><strong>blioha</strong></span> 
     </span>
     <span class='ocr_line' id='line_1_37' title="bbox 91 2449 838 2493; baseline 0 -10"><span class='ocrx_word' id='word_1_366' title='bbox 91 2451 118 2491; x_wconf 89' lang='lat' dir='ltr'><strong>H,</strong></span> <span class='ocrx_word' id='word_1_367' title='bbox 131 2452 141 2483; x_wconf 74' lang='lat'>5</span> <span class='ocrx_word' id='word_1_368' title='bbox 157 2451 221 2484; x_wconf 79' lang='lat' dir='ltr'><strong>diserte</strong></span> <span class='ocrx_word' id='word_1_369' title='bbox 233 2453 324 2493; x_wconf 83' lang='lat' dir='ltr'><strong>Assyriam</strong></span> <span class='ocrx_word' id='word_1_370' title='bbox 338 2457 389 2484; x_wconf 86' lang='lat' dir='ltr'><strong>voeat</strong></span> <span class='ocrx_word' id='word_1_371' title='bbox 406 2455 471 2484; x_wconf 83' lang='lat' dir='ltr'><strong>terram</strong></span> <span class='ocrx_word' id='word_1_372' title='bbox 485 2451 567 2485; x_wconf 89' lang='lat' dir='ltr'><strong>Nimrodi</strong></span> <span class='ocrx_word' id='word_1_373' title='bbox 582 2449 618 2490; x_wconf 83' lang='lat' dir='ltr'><strong>(cfr.</strong></span> <span class='ocrx_word' id='word_1_374' title='bbox 632 2452 708 2485; x_wconf 75' lang='lat' dir='ltr'><strong>OASPARl</strong></span> <span class='ocrx_word' id='word_1_375' title='bbox 724 2452 767 2484; x_wconf 81' lang='lat' dir='ltr'><strong>uber</strong></span> <span class='ocrx_word' id='word_1_376' title='bbox 778 2451 838 2484; x_wconf 85' lang='lat' dir='ltr'><strong>Mieha</strong></span> 
     </span>
     <span class='ocr_line' id='line_1_38' title="bbox 91 2507 838 2551; baseline -0.001 -10"><span class='ocrx_word' id='word_1_377' title='bbox 91 2520 107 2550; x_wconf 64' lang='lat' dir='ltr'><strong>p,</strong></span> <span class='ocrx_word' id='word_1_378' title='bbox 118 2507 163 2548; x_wconf 74' lang='lat' dir='ltr'><strong>ita).</strong></span> <span class='ocrx_word' id='word_1_379' title='bbox 176 2527 199 2532; x_wconf 75' lang='lat'>—</span> <span class='ocrx_word' id='word_1_380' title='bbox 210 2509 298 2541; x_wconf 83' lang='lat' dir='ltr'><strong>Deeemur</strong></span> <span class='ocrx_word' id='word_1_381' title='bbox 308 2510 362 2551; x_wconf 76' lang='lat' dir='ltr'><strong>igitur</strong></span> <span class='ocrx_word' id='word_1_382' title='bbox 373 2508 464 2551; x_wconf 80' lang='lat' dir='ltr'><strong>Babylone</strong></span> <span class='ocrx_word' id='word_1_383' title='bbox 476 2509 555 2550; x_wconf 79' lang='lat' dir='ltr'><strong>condita,</strong></span> <span class='ocrx_word' id='word_1_384' title='bbox 567 2508 672 2542; x_wconf 88' lang='lat' dir='ltr'><strong>Nimrodum</strong></span> <span class='ocrx_word' id='word_1_385' title='bbox 679 2510 752 2550; x_wconf 84' lang='lat' dir='ltr'><strong>Assyria</strong></span> <span class='ocrx_word' id='word_1_386' title='bbox 763 2511 838 2550; x_wconf 88' lang='lat' dir='ltr'><strong>potitum</strong></span> 
     </span>
     <span class='ocr_line' id='line_1_39' title="bbox 92 2565 838 2608; baseline 0 -11"><span class='ocrx_word' id='word_1_387' title='bbox 92 2565 168 2597; x_wconf 86' lang='lat' dir='ltr'><strong>Niniven</strong></span> <span class='ocrx_word' id='word_1_388' title='bbox 180 2570 201 2597; x_wconf 86' lang='lat' dir='ltr'><strong>et.</strong></span> <span class='ocrx_word' id='word_1_389' title='bbox 215 2566 325 2606; x_wconf 77' lang='lat' dir='ltr'><strong>aedificasse,</strong></span> <span class='ocrx_word' id='word_1_390' title='bbox 336 2570 392 2608; x_wconf 68' lang='lat' dir='ltr'><strong>,atque</strong></span> <span class='ocrx_word' id='word_1_391' title='bbox 409 2566 453 2599; x_wconf 88' lang='lat' dir='ltr'><strong>adeo</strong></span> <span class='ocrx_word' id='word_1_392' title='bbox 466 2567 556 2600; x_wconf 82' lang='lat' dir='ltr'><strong>Cusehitas</strong></span> <span class='ocrx_word' id='word_1_393' title='bbox 573 2577 610 2599; x_wconf 90' lang='lat' dir='ltr'><strong>eum</strong></span> <span class='ocrx_word' id='word_1_394' title='bbox 623 2567 700 2608; x_wconf 85' lang='lat' dir='ltr'><strong>Assyriis</strong></span> <span class='ocrx_word' id='word_1_395' title='bbox 716 2565 786 2599; x_wconf 81' lang='lat' dir='ltr'><strong>Semitis</strong></span> <span class='ocrx_word' id='word_1_396' title='bbox 799 2575 838 2598; x_wconf 90' lang='lat' dir='ltr'><strong>esse</strong></span> 
     </span>
     <span class='ocr_line' id='line_1_40' title="bbox 93 2622 838 2666; baseline 0.001 -13"><span class='ocrx_word' id='word_1_397' title='bbox 93 2623 202 2662; x_wconf 59' lang='lat' dir='ltr'><strong>commixtum</strong></span> <span class='ocrx_word' id='word_1_398' title='bbox 214 2623 233 2653; x_wconf 83' lang='lat' dir='ltr'><strong>id</strong></span> <span class='ocrx_word' id='word_1_399' title='bbox 245 2623 291 2664; x_wconf 86' lang='lat' dir='ltr'><strong>qued</strong></span> <span class='ocrx_word' id='word_1_400' title='bbox 303 2624 341 2655; x_wconf 85' lang='lat' dir='ltr'><strong>aliis</strong></span> <span class='ocrx_word' id='word_1_401' title='bbox 353 2624 423 2666; x_wconf 87' lang='lat' dir='ltr'><strong>insuper</strong></span> <span class='ocrx_word' id='word_1_402' title='bbox 435 2622 540 2666; x_wconf 75' lang='lat' dir='ltr'><strong>argumentis</strong></span> <span class='ocrx_word' id='word_1_403' title='bbox 549 2625 605 2666; x_wconf 81' lang='lat' dir='ltr'><strong>magis</strong></span> <span class='ocrx_word' id='word_1_404' title='bbox 613 2624 702 2665; x_wconf 80' lang='lat' dir='ltr'><strong>magisque</strong></span> <span class='ocrx_word' id='word_1_405' title='bbox 711 2622 838 2664; x_wconf 78' lang='lat' dir='ltr'><strong>comprobatur.</strong></span> 
     </span>
     <span class='ocr_line' id='line_1_41' title="bbox 93 2679 839 2724; baseline 0 -12"><span class='ocrx_word' id='word_1_406' title='bbox 93 2679 122 2712; x_wconf 77' lang='lat' dir='ltr'><strong>cfr.</strong></span> <span class='ocrx_word' id='word_1_407' title='bbox 135 2688 187 2720; x_wconf 87' lang='lat' dir='ltr'><strong>supra</strong></span> <span class='ocrx_word' id='word_1_408' title='bbox 198 2689 214 2720; x_wconf 83' lang='lat' dir='ltr'><strong>p.</strong></span> <span class='ocrx_word' id='word_1_409' title='bbox 226 2690 275 2712; x_wconf 71' lang='lat' dir='ltr'><strong>nuru.</strong></span> <span class='ocrx_word' id='word_1_410' title='bbox 290 2680 390 2713; x_wconf 80' lang='lat' dir='ltr'><strong>Dnnrruseu.</strong></span> <span class='ocrx_word' id='word_1_411' title='bbox 404 2679 466 2714; x_wconf 83' lang='lat' dir='ltr'><strong>Genes.</strong></span> <span class='ocrx_word' id='word_1_412' title='bbox 474 2693 490 2724; x_wconf 92' lang='lat' dir='ltr'><strong>p.</strong></span> <span class='ocrx_word' id='word_1_413' title='bbox 498 2682 536 2714; x_wconf 68' lang='lat'><strong>223.</strong></span> <span class='ocrx_word' id='word_1_414' title='bbox 549 2699 572 2704; x_wconf 92' lang='lat'>—</span> <span class='ocrx_word' id='word_1_415' title='bbox 585 2681 665 2713; x_wconf 82' lang='lat' dir='ltr'><strong>Ceterum</strong></span> <span class='ocrx_word' id='word_1_416' title='bbox 674 2681 759 2712; x_wconf 87' lang='lat' dir='ltr'><strong>memoria</strong></span> <span class='ocrx_word' id='word_1_417' title='bbox 768 2679 839 2721; x_wconf 81' lang='lat' dir='ltr'><strong>dignum</strong></span> 
     </span>
     <span class='ocr_line' id='line_1_42' title="bbox 93 2736 839 2781; baseline 0.004 -15"><span class='ocrx_word' id='word_1_418' title='bbox 93 2736 161 2767; x_wconf 84' lang='lat' dir='ltr'><strong>videtur</strong></span> <span class='ocrx_word' id='word_1_419' title='bbox 173 2739 192 2766; x_wconf 91' lang='lat' dir='ltr'><strong>ut</strong></span> <span class='ocrx_word' id='word_1_420' title='bbox 203 2739 282 2769; x_wconf 87' lang='lat' dir='ltr'><strong>notemus</strong></span> <span class='ocrx_word' id='word_1_421' title='bbox 294 2737 372 2769; x_wconf 69' lang='lat' dir='ltr'><strong>Housuu⁴</strong></span> <span class='ocrx_word' id='word_1_422' title='bbox 385 2738 403 2769; x_wconf 87' lang='lat' dir='ltr'><strong>in</strong></span> <span class='ocrx_word' id='word_1_423' title='bbox 415 2738 459 2771; x_wconf 88' lang='lat' dir='ltr'><strong>libro</strong></span> <span class='ocrx_word' id='word_1_424' title='bbox 472 2739 530 2781; x_wconf 75' lang='lat' dir='ltr'><strong>paullo</strong></span> <span class='ocrx_word' id='word_1_425' title='bbox 542 2742 581 2780; x_wconf 85' lang='lat' dir='ltr'><strong>post</strong></span> <span class='ocrx_word' id='word_1_426' title='bbox 593 2736 699 2769; x_wconf 74' lang='lat' dir='ltr'><strong>recensendo</strong></span> <span class='ocrx_word' id='word_1_427' title='bbox 711 2737 770 2778; x_wconf 72' lang='lat' dir='ltr'><strong>pate</strong></span> <span class='ocrx_word' id='word_1_428' title='bbox 783 2742 839 2774; x_wconf 59' lang='lat' dir='ltr'><strong>moun*</strong></span> 
     </span>
     <span class='ocr_line' id='line_1_43' title="bbox 93 2792 840 2837; baseline 0 -13"><span class='ocrx_word' id='word_1_429' title='bbox 93 2792 201 2835; x_wconf 82' lang='lat' dir='ltr'><strong>interpretari</strong></span> <span class='ocrx_word' id='word_1_430' title='bbox 208 2802 294 2833; x_wconf 83' lang='lat' dir='ltr'><strong>gressum:</strong></span> <span class='ocrx_word' id='word_1_431' title='bbox 308 2804 328 2833; x_wconf 73' lang='lat' dir='ltr'><strong>„e</strong></span> <span class='ocrx_word' id='word_1_432' title='bbox 341 2798 387 2825; x_wconf 86' lang='lat' dir='ltr'><strong>terra</strong></span> <span class='ocrx_word' id='word_1_433' title='bbox 393 2794 423 2826; x_wconf 85' lang='lat' dir='ltr'><strong>illa</strong></span> <span class='ocrx_word' id='word_1_434' title='bbox 429 2797 471 2827; x_wconf 81' lang='lat' dir='ltr'><strong>exiit</strong></span> <span class='ocrx_word' id='word_1_435' title='bbox 478 2805 546 2837; x_wconf 80' lang='lat' dir='ltr'><strong>gressus</strong></span> <span class='ocrx_word' id='word_1_436' title='bbox 553 2794 639 2835; x_wconf 61' lang='lat' dir='ltr'><strong>aliquem</strong></span> <span class='ocrx_word' id='word_1_437' title='bbox 647 2812 668 2817; x_wconf 89' lang='lat'><strong>-—</strong></span> <span class='ocrx_word' id='word_1_438' title='bbox 681 2793 773 2826; x_wconf 82' lang='lat' dir='ltr'><strong>Refutatur</strong></span> <span class='ocrx_word' id='word_1_439' title='bbox 782 2792 840 2825; x_wconf 79' lang='lat' dir='ltr'><strong>autern</strong></span> 
     </span>
     <span class='ocr_line' id='line_1_44' title="bbox 94 2849 840 2893; baseline 0 -12"><span class='ocrx_word' id='word_1_440' title='bbox 94 2850 157 2882; x_wconf 83' lang='lat' dir='ltr'><strong>idonea</strong></span> <span class='ocrx_word' id='word_1_441' title='bbox 171 2849 205 2881; x_wconf 88' lang='lat' dir='ltr'><strong>loei</strong></span> <span class='ocrx_word' id='word_1_442' title='bbox 218 2850 361 2892; x_wconf 83' lang='lat' dir='ltr'><strong>interpretatione</strong></span> <span class='ocrx_word' id='word_1_443' title='bbox 373 2850 448 2883; x_wconf 82' lang='lat' dir='ltr'><strong>Diouem</strong></span> <span class='ocrx_word' id='word_1_444' title='bbox 465 2858 482 2885; x_wconf 84' lang='lat' dir='ltr'><strong>et</strong></span> <span class='ocrx_word' id='word_1_445' title='bbox 494 2851 589 2885; x_wconf 67' lang='lat' dir='ltr'><strong>simonis</strong></span> <span class='ocrx_word' id='word_1_446' title='bbox 606 2852 673 2893; x_wconf 91' lang='lat' dir='ltr'><strong>opinio,</strong></span> <span class='ocrx_word' id='word_1_447' title='bbox 690 2851 719 2892; x_wconf 84' lang='lat' dir='ltr'><strong>qui</strong></span> <span class='ocrx_word' id='word_1_448' title='bbox 731 2850 840 2892; x_wconf 83' lang='lat' dir='ltr'><strong>Babylonem</strong></span> 
     </span>
     <span class='ocr_line' id='line_1_45' title="bbox 95 2906 706 2954; baseline 0 -16"><span class='ocrx_word' id='word_1_449' title='bbox 95 2907 149 2938; x_wconf 88' lang='lat' dir='ltr'><strong>serius</strong></span> <span class='ocrx_word' id='word_1_450' title='bbox 162 2906 248 2940; x_wconf 81' lang='lat' dir='ltr'><strong>conditam</strong></span> <span class='ocrx_word' id='word_1_451' title='bbox 261 2915 299 2938; x_wconf 86' lang='lat' dir='ltr'><strong>esse</strong></span> <span class='ocrx_word' id='word_1_452' title='bbox 312 2916 362 2954; x_wconf 76' lang='lat' dir='ltr'><strong>quem</strong></span> <span class='ocrx_word' id='word_1_453' title='bbox 375 2907 440 2940; x_wconf 86' lang='lat' dir='ltr'><strong>Ninum</strong></span> <span class='ocrx_word' id='word_1_454' title='bbox 453 2909 553 2941; x_wconf 82' lang='lat' dir='ltr'><strong>docuerunt.</strong></span> <span class='ocrx_word' id='word_1_455' title='bbox 567 2909 597 2941; x_wconf 80' lang='lat' dir='ltr'><strong>eir.</strong></span> <span class='ocrx_word' id='word_1_456' title='bbox 610 2909 662 2941; x_wconf 81' lang='lat' dir='ltr'><strong>Tuon.</strong></span> <span class='ocrx_word' id='word_1_457' title='bbox 676 2908 686 2939; x_wconf 88' lang='lat' dir='ltr'><strong>l.</strong></span> <span class='ocrx_word' id='word_1_458' title='bbox 695 2909 706 2939; x_wconf 86' lang='lat'><strong>1.</strong></span> 
     </span>
    </p>
   </div>
   <div class='ocr_carea' id='block_1_6' title="bbox 0 0 965 3264">
    <p class='ocr_par' dir='ltr' id='par_1_8' title="bbox 0 0 965 3264">
     <span class='ocr_line' id='line_1_46' title="bbox 0 0 965 3264; baseline 0 0"><span class='ocrx_word' id='word_1_459' title='bbox 0 0 965 3264; x_wconf 95' lang='lat' dir='ltr'><strong> </strong></span> 
     </span>
    </p>
   </div>
  </div>
 </body>
</html>
