1889 3264
108 160 138 206 36
384 164 431 204 Cur.
441 165 461 213 I,
476 180 493 204 v.
506 169 544 203 1-2-
552 171 578 204 l-l.

107 291 143 328 deo
156 290 200 340 ipso
213 291 374 340 comprobatum,
386 290 515 341 intelligimus
523 291 535 328 ¹.
557 289 652 340 (Canon,
664 291 767 340 Rosnnn,
780 291 850 341 Hrra)

107 358 152 396 Hoc
164 357 214 395 enini
227 357 275 396 illud
293 363 322 396 est
339 359 442 409 proprium
457 358 524 409 regius
539 359 656 406 niundanIs,
673 359 727 409 quod
743 359 790 396 odio
806 372 850 409 per-

107 430 216 477 sequuntur
232 426 338 474 lsraelem,
360 439 399 464 non
417 426 481 477 ipsius
497 432 575 465 tantum
596 439 677 475 caussa,
699 426 734 465 sed
756 427 849 475 maxime,

107 494 160 544 (ruod
179 506 217 545 pro
236 494 311 533 fictitiis
326 494 387 533 idolis
403 494 444 533 suis
461 495 519 532 deum
535 495 564 533 illi
580 494 648 533 colunt
659 507 719 532 unum
735 498 755 531 et
770 507 849 541 reruni;

107 562 192 613 Ideoque
213 561 289 601 occidta
312 568 331 600 et
351 575 428 601 summa
451 562 568 602 inimicitiae
590 576 662 602 caussa
684 568 714 601 est
730 561 814 600 defectio
831 568 850 600 et

107 630 233 669 contumacia
253 636 323 668 contra
342 629 457 668 Dominum.
474 653 499 658 -
525 626 586 670 itai:
602 640 648 680 *fni*
664 630 693 678 is,
715 630 749 681 [μή
769 630 850 668 molitur

107 698 192 736 consilia
206 697 317 749 nequitiae,
329 711 376 736 narn
387 694 459 750 unita,
472 697 527 736 cuius
541 697 608 737 varias
622 698 735 737 notationes
750 697 851 749 congessit

106 765 161 804 Dnu.
174 765 274 804 Hnrnnrcr
286 764 401 816 (Nahumus
412 766 507 816 pacificus
520 779 538 804 a.
550 766 571 804 li.
582 766 617 817 l),
636 767 695 815 plane
706 771 796 804 nostrum
808 771 849 804 est:

106 832 302 884 Nichtsnutziglreit,
324 833 359 872 cfr.
375 834 435 872 Dent.
445 834 507 882 XIII,
524 836 558 881 143
578 833 626 880 XV,
645 837 678 883 19,
698 834 757 872 unius
776 833 850 884 ingenii

107 901 173 951 specie
184 902 327 952 comprehensa
338 901 412 942 :lSant
422 902 503 949 XXIII,
515 905 536 949 d,
549 901 592 940 Iob.
602 901 702 949 XXXIV,
715 904 743 940 ts.
768 902 851 940 Temere

108 968 230 1017 Gnsnururu,
249 969 308 1008 sicuti
319 970 363 1017 hic,
378 969 407 1008 ita
418 969 453 1008 Ps.
462 969 545 1018 XVIII,
558 974 568 1008 5
586 969 691 1008 defendere
701 969 796 1019 perniciei
807 982 851 1008 sen-

107 1049 151 1075 sum
164 1037 251 1076 ostendit
262 1037 367 1076 Hunnsrr.
381 1050 399 1076 a.
411 1038 431 1075 h.
443 1038 456 1076 l.
463 1052 469 1085 3
485 1038 568 1087 insuper
580 1039 634 1088 apud
645 1039 739 1077 usitatam
750 1050 852 1077 remanere

107 1110 227 1155 potestatem
238 1111 308 1144 nostro
320 1105 376 1154 loco,
388 1111 455 1144 monet
466 1105 497 1153 II,
511 1109 527 1153 l,

143 1307 200 1357 Quae
211 1321 256 1347 curn
267 1308 296 1347 ita
308 1309 358 1356 sint,
376 1310 435 1348 finem
446 1309 504 1348 liuius
516 1309 626 1360 particulae
637 1321 656 1347 r.
667 1312 697 1346 6-
704 1311 736 1356 ll,
752 1307 817 1345 redire
828 1306 854 1344 ad

107 1376 186 1415 initium
195 1376 296 1425 ridemus,
309 1382 369 1428 atque
381 1378 431 1416 adeo
444 1378 527 1417 salutem
533 1377 604 1416 Israeli
616 1375 756 1414 uindicandam
768 1376 854 1425 primurn

108 1443 130 1483 in
141 1445 180 1483 hoc
197 1457 268 1495 genere
283 1444 349 1483 locum
364 1446 450 1494 habere,
466 1446 513 1484 lieet
528 1445 585 1495 regni
600 1443 696 1482 mundani
711 1442 819 1482 destructio
836 1447 855 1479 et

108 1512 198 1560 eversio,
214 1526 266 1564 (tuae
281 1512 390 1551 rernedIuni
406 1513 460 1553 illius
472 1519 532 1564 atque
550 1525 620 1552 caussa
637 1517 677 1560 est,
694 1512 781 1550 maxime
797 1510 854 1548 cadat

108 1581 145 1618 sub
158 1579 262 1619 oculorum
273 1586 407 1631 conspectum.

391 1835 414 1886 C.
438 1852 461 1883 v.
477 1836 575 1883 12-14.

141 1940 244 1980 Extremis
262 1941 334 1992 capitis
353 1941 444 1980 uersibus
461 1942 528 1981 brevis
546 1947 565 1980 et
583 1941 682 1980 succincta
699 1941 761 1979 diuini
777 1939 854 1979 consilii

108 2008 222 2047 continetur
238 2009 358 2057 declaratio,
378 2009 486 2059 Ipsissimis
502 2009 585 2047 Domini
603 2009 669 2047 verbis
687 2008 799 2047 distinctius
820 2020 854 2046 ex-

108 2088 186 2127 pressa.
209 2077 291 2128 Assyrii
302 2077 324 2115 in
336 2089 413 2115 summo
425 2077 527 2127 potentiae
539 2077 620 2127 fastigio
634 2081 755 2124 evertentur,
772 2088 808 2114 nec
819 2075 855 2114 ite-

108 2157 153 2182 rum
171 2145 196 2182 ab
211 2143 237 2183 iis
253 2143 540 2197 affligenturludaei(r.12);
556 2145 607 2194 imo,
624 2158 637 2183 a
653 2143 736 2183 rdnculis
752 2156 820 2182 eorum
836 2149 856 2181 et

109 2211 206 2251 seruitute
220 2225 273 2250 nuuc
287 2213 425 2251 liberabuntur
441 2212 469 2263 (v.
483 2214 523 2264 13),
544 2212 651 2263 Assyrium
668 2225 740 2251 nomen
754 2225 794 2250 una
811 2224 855 2250 cum

108 2279 209 2319 idolorum
221 2280 332 2320 siinulacrIS
343 2281 433 2320 funditus
445 2280 542 2320 delebitur
554 2281 582 2331 (v.
592 2281 629 2331 tl).

145 2456 163 2497 1)
174 2455 277 2489 Uannrrrrus
293 2456 379 2498 apposite,
395 2457 466 2489 mutatis
481 2456 569 2489 mutandis
582 2459 679 2489 asseverat:
702 2455 746 2497 ,Um
758 2454 786 2488 die
799 2455 818 2489 N
819 2454 856 2488 oth-

109 2514 216 2557 wendigkeit
228 2515 275 2545 eines
287 2522 306 2545 so
318 2512 428 2545 furehtbaren
441 2513 520 2547 Geriohts
532 2513 575 2545 iiber
586 2513 651 2546 Ninive
663 2512 711 2545 recht
729 2512 857 2545 eindrucksvoll

109 2570 258 2611 hervorznheben,
270 2569 335 2612 drangt
346 2579 365 2602 er
378 2569 405 2602 die
417 2569 557 2603 uniibersehbare
568 2570 631 2612 Menge
644 2571 675 2604 der
686 2570 758 2610 Vielen,
776 2569 814 2610 die,
826 2579 857 2601 aus

109 2628 137 2660 ihr
148 2626 287 2670 hervorgehend,
302 2624 357 2659 Bdscs
369 2636 435 2658 sannen
447 2636 502 2669 gagen
514 2626 604 2669 delrovah,
620 2629 638 2661 in
654 2629 692 2661 eine
705 2628 771 2669 einzige
783 2626 856 2658 Person·

109 2685 184 2717 lichlteit
196 2694 303 2724 zusammen,
316 2683 344 2716 dio
357 2693 375 2716 er
387 2685 514 2726 roraugsweise
527 2684 560 2716 den
568 2684 633 2718 Ratlter
645 2685 675 2718 des
684 2685 791 2718 Verderbeus
800 2686 858 2720 neunt,

110 2741 137 2773 als
149 2742 197 2773 wire
209 2751 228 2773 es
240 2741 271 2773 der
282 2741 341 2783 Kitnig
354 2740 385 2773 der
397 2740 528 2783 Ruclrlosigkeit
540 2743 608 2775 selbst.“
