1889 3264
369 139 417 179 Cur.
428 141 467 190 III,
480 155 499 180 v.
508 144 525 179 S.

76 265 143 305 sertim
156 276 237 302 munero
251 276 368 313 expressum
379 264 453 315 Napu,
466 265 492 302 ad
505 264 616 302 universam
629 264 696 302 urbem
706 264 760 301 haud
771 277 818 302 raro

76 332 193 371 transfertur
202 331 212 367 ¹.
230 332 280 369 Erat
296 338 361 370 autem
377 338 437 382 caput
452 331 560 382 superioris
575 332 676 382 Aegypti,
693 331 755 370 sicuti¹
768 332 818 370 inle-

76 400 134 438 rioris
146 399 254 448 Memphis,
268 404 287 437 et
299 412 339 449 quo
351 400 416 437 maior
429 413 442 438 a
452 399 523 449 primis
535 399 581 437 inde
592 394 818 450 temporibussdperio-

41 463 42 466 ¹
75 468 102 506 ris
119 467 176 517 regni
194 470 237 504 erat
249 467 357 505 auctoritas
370 472 389 505 et
399 467 498 517 potentia,
515 479 538 504 eo
551 467 665 505 Thebarum
680 479 760 517 quoque
775 480 818 506 ma÷

75 535 157 586 gnitudo
169 539 189 572 et
201 533 283 572 divitiae
295 541 315 572 et
326 535 472 585 magnificentia
483 534 565 585 reliquis
571 534 660 585 Aegypti
669 535 816 593 prpecellebant

75 603 169 650 urbibus3
187 602 247 653 quid?
265 603 322 653 quod
338 603 364 641 ad
380 616 458 642 sacrum
473 604 526 641 hunc
540 603 645 641 Ammonis
665 602 731 641 locum
752 603 817 642 omnis

75 670 221 721 Aegyptiorum
234 671 292 720 quasi
309 671 386 722 cogitur
402 671 505 711 historia2.
522 671 631 721 Egregiam
646 670 698 718 eius,
716 684 756 722 quo
769 672 817 710 olim

75 739 185 790 gaudebat,
202 737 327 787 splendorem
342 740 411 790 ingens
426 740 461 779 illa
477 739 596 789 templorum
611 744 631 777 et
645 738 767 789 palatiorum
783 740 816 778 de-

75 811 193 846 structorum
212 806 274 845 moles
290 809 392 860 perlatos
409 821 490 859 campos
507 807 569 846 effusa
589 808 643 857 apud
658 807 713 846 vicos
729 807 817 846 Medinet

75 875 132 922 Abu,
149 874 239 924 Lugsor,
256 874 340 914 Karnak
356 880 440 914 testatur
451 876 559 925 hodieque,
575 888 639 926 neque
656 874 717 912 ullam
732 876 815 925 reperiri

74 947 115 979 tam
135 942 230 992 grandem
250 947 331 994 tamque
351 943 450 983 excelsam
471 942 573 982 ruinarum
592 943 728 991 maiestatem,
749 944 814 981 omnia

75 1010 165 1059 deinceps
177 1010 280 1049 itineraria
291 1012 391 1049 affirmant
396 1010 408 1051 ³.
421 1035 445 1039 —
460 1013 489 1050 At
500 1023 548 1049 vero
560 1009 594 1048 No
606 1011 693 1049 Ammon
708 1011 825 1050 essetne:

74 1079 120 1126 bas,
129 1083 199 1116 nostra
208 1077 285 1116 demum
294 1079 390 1117 memoria
399 1080 524 1118 consentiunt
534 1078 662 1129 interpretes,
672 1078 816 1118 Bocmmmff

74 1151 93 1183 et
101 1146 198 1188 Zonaion
212 1147 283 1194 secuti;
295 1148 376 1185 fuerunt
384 1153 460 1196 tamen,
474 1147 508 1199 qui
516 1141 624 1197 praeeunte
631 1147 719 1196 londin.
735 1147 815 1185 et‘Hrn-

73 1224 170 1261 nomino,
187 1214 211 1252 ab
224 1214 337 1254 institutore
349 1228 385 1254 suo
396 1215 425 1254 ita
437 1216 518 1263 edocte,
535 1213 726 1253 Alexandriam
743 1214 815 1253 intelli-

73 1288 150 1331 gerent,
163 1281 202 1319 situ
215 1282 256 1320 eius
267 1283 355 1321 maxime
367 1284 471 1331 commoti,
490 1281 564 1331 cim,
582 1281 659 1329 Geor,
675 1281 731 1330 Iun,
747 1282 814 1329 Prse„

73 1348 148 1397 Deus,
160 1349 242 1387 Mnncx.
255 1355 275 1387 et
286 1351 318 1389 vel
328 1364 364 1401 per
376 1351 478 1401 prolepsin
490 1363 586 1388 unacum
598 1349 704 1389 existentia
713 1350 815 1388 interitum

72 1417 205 1466 praedictum,
218 1417 250 1454 vel
263 1418 358 1468 oppidum
370 1419 481 1469 quoddam,
495 1418 547 1468 quod
560 1422 620 1455 antea
631 1417 673 1455 eins
684 1417 751 1455 locum
759 1423 815 1456 tenu-

72 1483 121 1522 isset
136 1483 259 1534 appellatum
275 1486 379 1533 docerent,
395 1486 441 1524 licet
453 1484 563 1525 Srnnnoun
579 1490 599 1523 et
609 1485 718 1524 Prusiam
734 1491 815 1523 auctore

74 1543 137 1601 κώμη
151 1557 227 1589 tantum
238 1553 267 1590 ibi
278 1553 408 1603 reperiretur,
420 1554 536 1604 priusquam
549 1552 696 1591 abAlexandro
709 1553 757 1591 urbs
769 1566 815 1591 con-

73 1619 157 1658 deretur.
182 1619 224 1657 Alii
239 1626 304 1659 autem
321 1620 460 1670 Diospolin
476 1620 595 1659 minorem
611 1625 738 1670 acceperunt,
755 1633 815 1671 super

72 1686 183 1725 Mendetem
201 1686 221 1724 in
238 1688 332 1739 Aegypto
349 1688 442 1727 inferiore
458 1688 534 1737 sitam,
545 1689 662 1738 praesertim
675 1701 719 1726 cnm
731 1687 814 1727 ernno

72 1754 155 1794 lacubus
173 1767 216 1792 eam
233 1755 374 1794 circumdata-m
389 1756 452 1795 fuisse
466 1756 554 1795 traderet
569 1756 678 1806 (LXVII,
695 1769 711 1794 c.
721 1756 742 1794 1:
758 1751 816 1803 Διὸς

74 1814 140 1869 πόλις
155 1819 193 1860 καὶ
209 1814 232 1860 αἱ
247 1818 300 1876 περὶ
316 1816 384 1876 αὐτὴν
403 1818 496 1877 λίμναι),
508 1824 620 1872 Knnmsm,
630 1824 724 1871 liuram
737 1830 758 1862 at
767 1837 816 1875 quo-

73 1890 133 1928 modo
146 1891 252 1929 obscurum
263 1890 313 1929 illud
325 1892 419 1942 oppidum
432 1892 545 1942 comparari
553 1891 608 1930 Nino
623 1898 683 1941 atque
695 1892 744 1930 adeo
757 1905 815 1942 prae-

74 1958 158 1997 stantius
171 1971 214 1997 esse
226 1958 264 1996 dici
275 1960 354 2009 possit?
373 1959 418 2009 Quo
431 1961 517 2008 aceedit,
534 1960 587 2011 quod
598 1961 662 2010 probe
673 1960 750 1997 monuit
761 1961 815 1999 Zon-

72 2036 129 2064 Nius:
146 2027 208 2074 „urbs
226 2025 327 2066 Ninevitis
339 2029 432 2079 ponenda
444 2029 469 2067 ob
483 2028 552 2066 oculos
565 2033 618 2076 erat,
636 2041 688 2079 quae
699 2040 740 2065 non
752 2028 816 2079 magis

73 2099 145 2131 natura
157 2099 176 2131 et
187 2092 275 2133 mirificis
287 2095 373 2134 molibus
385 2097 473 2144 munita,
489 2109 549 2147 quam
561 2101 643 2146 propter
654 2095 733 2145 imperii
745 2095 816 2146 ampli-

73 2161 160 2198 tudinem
172 2167 192 2199 et
204 2161 353 2201 diuturnitatem
365 2164 508 2203 florentissima
519 2169 581 2212 esset,
594 2169 616 2202 ut
626 2164 734 2202 Ninevitae
743 2164 793 2201 illud
805 2176 816 2201 e

73 2228 120 2267 fatis
135 2234 203 2267 tantae
219 2230 272 2268 urbis
290 2238 443 2282 cognoscerent,
461 2232 516 2283 quod
530 2232 575 2282 ipso
591 2245 629 2270 usu
644 2231 704 2270 etiam
719 2232 815 2279 mortales

74 2296 190 2335 docentur.“
221 2295 285 2336 Situm
296 2312 344 2337 vero
356 2313 388 2338 w.
402 2313 458 2352 seqq.
472 2299 592 2350 descriptum
608 2300 695 2350 perbene
717 2300 816 2350 quadrare

73 2365 94 2402 iu
106 2365 198 2413 Thebas,
210 2366 314 2405 confestim
326 2367 409 2418 patebit.

109 2574 125 2615 1)
139 2574 174 2608 Clr.
187 2576 258 2609 Lursms
270 2576 328 2611 Briefe
342 2590 357 2622 p.
367 2580 399 2612 272
413 2590 435 2612 ss.

88 2674 90 2677 Ι
108 2631 125 2671 2)
136 2632 158 2664 Id
170 2633 216 2674 quod
227 2633 291 2666 ibidem
303 2635 397 2668 luculenter
409 2638 516 2679 perstrictum
528 2637 618 2679 reperitur.

109 2687 126 2728 3)
138 2689 173 2722 Ctr.
185 2690 247 2732 Zonuu
255 2691 318 2724 librum
331 2703 382 2734 supra
394 2695 415 2734 l„
432 2698 448 2726 et
460 2695 512 2726 libros
526 2704 536 2725 a
549 2693 625 2727 Gasuruo
638 2693 681 2725 thes.
694 2702 710 2724 a.
722 2704 737 2725 v.
754 2698 771 2725 et
783 2693 819 2726 Wr-

74 2754 117 2777 ruuo
129 2745 182 2780 R.W.
195 2756 210 2779 a.
223 2748 294 2789 citatm,
311 2750 371 2791 quibus
388 2751 432 2783 adde
444 2752 517 2784 Lursrun
533 2750 544 2782 l.
556 2751 568 2784 l.
584 2762 599 2792 p.
610 2751 707 2784 act-303
724 2755 741 2783 et
758 2751 779 2783 F.
797 2749 819 2782 A.

76 2801 165 2844 sanius,
178 2802 214 2836 sm,
227 2815 243 2836 ιι.
257 2804 307 2847 eug.
320 2799 349 2847 (rt
362 2809 467 2850 poe-rr.

110 2860 127 2901 4)
139 2861 209 2903 Phaleg.
223 2872 238 2903 p.
248 2863 263 2894 c,
277 2864 292 2894 ’7.
