<?xml version="1.0" encoding="UTF-8"?>
<!DOCTYPE html PUBLIC "-//W3C//DTD XHTML 1.0 Transitional//EN"
    "http://www.w3.org/TR/xhtml1/DTD/xhtml1-transitional.dtd">
<html xmlns="http://www.w3.org/1999/xhtml" xml:lang="en" lang="en">
 <head>
  <title>
</title>
<meta http-equiv="Content-Type" content="text/html;charset=utf-8" />
  <meta name='ocr-system' content='tesseract 3.04.00' />
  <meta name='ocr-capabilities' content='ocr_page ocr_carea ocr_par ocr_line ocrx_word'/>
</head>
<body>
  <div class='ocr_page' id='page_1' title='image "MN41908ucmf_7_0058.png"; bbox 0 0 1889 3264; ppageno 0'>
   <div class='ocr_carea' id='block_1_1' title="bbox 168 134 673 175">
    <p class='ocr_par' dir='ltr' id='par_1_1' title="bbox 168 134 673 175">
     <span class='ocr_line' id='line_1_1' title="bbox 168 134 673 175; baseline -0.002 0"><span class='ocrx_word' id='word_1_1' title='bbox 168 149 234 175; x_wconf 76' lang='lat' dir='ltr'>xxxvi</span> <span class='ocrx_word' id='word_1_2' title='bbox 403 136 567 174; x_wconf 73' lang='lat' dir='ltr'>Proiccomm.</span> <span class='ocrx_word' id='word_1_3' title='bbox 586 134 633 175; x_wconf 71' lang='lat' dir='ltr'>cru.</span> <span class='ocrx_word' id='word_1_4' title='bbox 647 136 673 174; x_wconf 90' lang='lat' dir='ltr'>ll.</span> 
     </span>
    </p>
   </div>
   <div class='ocr_carea' id='block_1_2' title="bbox 170 261 915 1124">
    <p class='ocr_par' dir='ltr' id='par_1_2' title="bbox 170 261 915 1124">
     <span class='ocr_line' id='line_1_2' title="bbox 170 261 909 312; baseline -0.007 -11"><span class='ocrx_word' id='word_1_5' title='bbox 170 264 258 301; x_wconf 85' lang='lat' dir='ltr'>Primum</span> <span class='ocrx_word' id='word_1_6' title='bbox 271 262 322 299; x_wconf 91' lang='lat' dir='ltr'>enim</span> <span class='ocrx_word' id='word_1_7' title='bbox 335 262 423 311; x_wconf 85' lang='lat' dir='ltr'>quinque</span> <span class='ocrx_word' id='word_1_8' title='bbox 432 261 529 312; x_wconf 79' lang='lat' dir='ltr'>Assyriae</span> <span class='ocrx_word' id='word_1_9' title='bbox 541 261 655 298; x_wconf 76' lang='lat' dir='ltr'>literaturae</span> <span class='ocrx_word' id='word_1_10' title='bbox 667 261 743 308; x_wconf 87' lang='lat' dir='ltr'>species</span> <span class='ocrx_word' id='word_1_11' title='bbox 756 261 909 310; x_wconf 80' lang='lat' dir='ltr'>distinguuntur,</span> 
     </span>
     <span class='ocr_line' id='line_1_3' title="bbox 171 327 911 377; baseline -0.005 -10"><span class='ocrx_word' id='word_1_12' title='bbox 171 341 277 367; x_wconf 84' lang='lat' dir='ltr'>cuneorum</span> <span class='ocrx_word' id='word_1_13' title='bbox 286 328 430 377; x_wconf 78' lang='lat' dir='ltr'>compositione</span> <span class='ocrx_word' id='word_1_14' title='bbox 437 329 537 367; x_wconf 83' lang='lat' dir='ltr'>diversae:</span> <span class='ocrx_word' id='word_1_15' title='bbox 547 327 835 377; x_wconf 79' lang='lat' dir='ltr'>assy1·ia,siniplicissimailla,</span> <span class='ocrx_word' id='word_1_16' title='bbox 844 328 911 364; x_wconf 90' lang='lat' dir='ltr'>medo-</span> 
     </span>
     <span class='ocr_line' id='line_1_4' title="bbox 170 392 911 447; baseline -0.003 -13"><span class='ocrx_word' id='word_1_17' title='bbox 170 395 260 446; x_wconf 80' lang='lat' dir='ltr'>assyria,</span> <span class='ocrx_word' id='word_1_18' title='bbox 272 395 393 445; x_wconf 85' lang='lat' dir='ltr'>babylonica</span> <span class='ocrx_word' id='word_1_19' title='bbox 404 396 492 435; x_wconf 77' lang='lat' dir='ltr'>maxime</span> <span class='ocrx_word' id='word_1_20' title='bbox 503 395 608 447; x_wconf 84' lang='lat' dir='ltr'>impedita,</span> <span class='ocrx_word' id='word_1_21' title='bbox 625 392 911 444; x_wconf 69' lang='lat' dir='ltr'>achemeniam-babylonica,</span> 
     </span>
     <span class='ocr_line' id='line_1_5' title="bbox 171 463 912 517; baseline -0.004 -14"><span class='ocrx_word' id='word_1_22' title='bbox 171 470 272 515; x_wconf 88' lang='lat' dir='ltr'>postremo</span> <span class='ocrx_word' id='word_1_23' title='bbox 285 464 392 515; x_wconf 79' lang='lat' dir='ltr'>elymoica3</span> <span class='ocrx_word' id='word_1_24' title='bbox 409 466 480 517; x_wconf 80' lang='lat' dir='ltr'>quibns</span> <span class='ocrx_word' id='word_1_25' title='bbox 496 472 562 504; x_wconf 87' lang='lat' dir='ltr'>tamen</span> <span class='ocrx_word' id='word_1_26' title='bbox 578 464 669 503; x_wconf 86' lang='lat' dir='ltr'>omnibus</span> <span class='ocrx_word' id='word_1_27' title='bbox 682 464 763 501; x_wconf 87' lang='lat' dir='ltr'>eandem</span> <span class='ocrx_word' id='word_1_28' title='bbox 779 463 863 513; x_wconf 76' lang='lat' dir='ltr'>exprimi</span> <span class='ocrx_word' id='word_1_29' title='bbox 874 463 912 501; x_wconf 89' lang='lat' dir='ltr'>lin-</span> 
     </span>
     <span class='ocr_line' id='line_1_6' title="bbox 172 530 910 583; baseline -0.007 -12"><span class='ocrx_word' id='word_1_30' title='bbox 172 546 230 583; x_wconf 83' lang='lat' dir='ltr'>guam</span> <span class='ocrx_word' id='word_1_31' title='bbox 244 533 370 580; x_wconf 72' lang='lat' dir='ltr'>existimant,</span> <span class='ocrx_word' id='word_1_32' title='bbox 382 534 511 572; x_wconf 85' lang='lat' dir='ltr'>dialectorum</span> <span class='ocrx_word' id='word_1_33' title='bbox 523 532 660 571; x_wconf 86' lang='lat' dir='ltr'>tantummodo</span> <span class='ocrx_word' id='word_1_34' title='bbox 673 531 787 570; x_wconf 85' lang='lat' dir='ltr'>diversitate</span> <span class='ocrx_word' id='word_1_35' title='bbox 794 530 892 568; x_wconf 83' lang='lat' dir='ltr'>variatam</span> <span class='ocrx_word' id='word_1_36' title='bbox 899 530 910 566; x_wconf 84' lang='lat'>¹.</span> 
     </span>
     <span class='ocr_line' id='line_1_7' title="bbox 172 597 913 648; baseline -0.008 -10"><span class='ocrx_word' id='word_1_37' title='bbox 172 599 299 638; x_wconf 83' lang='lat' dir='ltr'>Gravissima</span> <span class='ocrx_word' id='word_1_38' title='bbox 310 606 375 637; x_wconf 87' lang='lat' dir='ltr'>antem</span> <span class='ocrx_word' id='word_1_39' title='bbox 388 601 485 638; x_wconf 85' lang='lat' dir='ltr'>dissensio</span> <span class='ocrx_word' id='word_1_40' title='bbox 498 605 528 638; x_wconf 91' lang='lat' dir='ltr'>est</span> <span class='ocrx_word' id='word_1_41' title='bbox 540 601 564 636; x_wconf 93' lang='lat' dir='ltr'>de</span> <span class='ocrx_word' id='word_1_42' title='bbox 576 600 678 648; x_wconf 83' lang='lat' dir='ltr'>signorum</span> <span class='ocrx_word' id='word_1_43' title='bbox 689 603 798 648; x_wconf 79' lang='lat' dir='ltr'>potestate3</span> <span class='ocrx_word' id='word_1_44' title='bbox 812 597 913 647; x_wconf 82' lang='lat' dir='ltr'>quaeritur</span> 
     </span>
     <span class='ocr_line' id='line_1_8' title="bbox 172 663 911 717; baseline -0.003 -14"><span class='ocrx_word' id='word_1_45' title='bbox 172 667 234 714; x_wconf 88' lang='lat' dir='ltr'>enim,</span> <span class='ocrx_word' id='word_1_46' title='bbox 247 672 312 703; x_wconf 87' lang='lat' dir='ltr'>utrum</span> <span class='ocrx_word' id='word_1_47' title='bbox 325 679 380 704; x_wconf 85' lang='lat' dir='ltr'>suam</span> <span class='ocrx_word' id='word_1_48' title='bbox 393 679 483 717; x_wconf 83' lang='lat' dir='ltr'>quaeque</span> <span class='ocrx_word' id='word_1_49' title='bbox 495 667 608 716; x_wconf 78' lang='lat' dir='ltr'>exprimant</span> <span class='ocrx_word' id='word_1_50' title='bbox 619 665 720 703; x_wconf 90' lang='lat' dir='ltr'>notionem</span> <span class='ocrx_word' id='word_1_51' title='bbox 733 669 753 703; x_wconf 90' lang='lat' dir='ltr'>et</span> <span class='ocrx_word' id='word_1_52' title='bbox 764 663 911 715; x_wconf 77' lang='lat' dir='ltr'>cogitationem,</span> 
     </span>
     <span class='ocr_line' id='line_1_9' title="bbox 173 733 912 786; baseline -0.007 -12"><span class='ocrx_word' id='word_1_53' title='bbox 173 749 199 774; x_wconf 87' lang='lat' dir='ltr'>an</span> <span class='ocrx_word' id='word_1_54' title='bbox 211 735 300 786; x_wconf 78' lang='lat' dir='ltr'>syllabas</span> <span class='ocrx_word' id='word_1_55' title='bbox 310 734 408 785; x_wconf 82' lang='lat' dir='ltr'>integras,</span> <span class='ocrx_word' id='word_1_56' title='bbox 426 748 452 773; x_wconf 89' lang='lat' dir='ltr'>an</span> <span class='ocrx_word' id='word_1_57' title='bbox 463 735 531 774; x_wconf 85' lang='lat' dir='ltr'>literas</span> <span class='ocrx_word' id='word_1_58' title='bbox 543 740 631 783; x_wconf 87' lang='lat' dir='ltr'>tantum,</span> <span class='ocrx_word' id='word_1_59' title='bbox 649 740 780 774; x_wconf 77' lang='lat' dir='ltr'>consonantes</span> <span class='ocrx_word' id='word_1_60' title='bbox 797 739 816 772; x_wconf 92' lang='lat' dir='ltr'>et</span> <span class='ocrx_word' id='word_1_61' title='bbox 828 733 912 771; x_wconf 88' lang='lat' dir='ltr'>vocales.</span> 
     </span>
     <span class='ocr_line' id='line_1_10' title="bbox 172 802 914 854; baseline -0.007 -12"><span class='ocrx_word' id='word_1_62' title='bbox 172 805 240 854; x_wconf 83' lang='lat' dir='ltr'>Atque</span> <span class='ocrx_word' id='word_1_63' title='bbox 252 803 341 853; x_wconf 86' lang='lat' dir='ltr'>aliquam</span> <span class='ocrx_word' id='word_1_64' title='bbox 352 804 431 853; x_wconf 87' lang='lat' dir='ltr'>quidem</span> <span class='ocrx_word' id='word_1_65' title='bbox 444 804 545 853; x_wconf 80' lang='lat' dir='ltr'>signorum</span> <span class='ocrx_word' id='word_1_66' title='bbox 557 808 634 853; x_wconf 82' lang='lat' dir='ltr'>partem</span> <span class='ocrx_word' id='word_1_67' title='bbox 647 815 690 840; x_wconf 90' lang='lat' dir='ltr'>esse</span> <span class='ocrx_word' id='word_1_68' title='bbox 704 802 876 852; x_wconf 82' lang='lat' dir='ltr'>ideographicam,</span> <span class='ocrx_word' id='word_1_69' title='bbox 893 806 914 837; x_wconf 88' lang='lat' dir='ltr'>nt</span> 
     </span>
     <span class='ocr_line' id='line_1_11' title="bbox 173 868 913 920; baseline -0.008 -11"><span class='ocrx_word' id='word_1_70' title='bbox 173 871 237 917; x_wconf 86' lang='lat' dir='ltr'>aiunt,</span> <span class='ocrx_word' id='word_1_71' title='bbox 250 871 326 920; x_wconf 82' lang='lat' dir='ltr'>primns</span> <span class='ocrx_word' id='word_1_72' title='bbox 338 871 441 920; x_wconf 84' lang='lat' dir='ltr'>perspexit</span> <span class='ocrx_word' id='word_1_73' title='bbox 452 871 554 909; x_wconf 75' lang='lat' dir='ltr'>Hnnsms</span> <span class='ocrx_word' id='word_1_74' title='bbox 562 869 578 917; x_wconf 71' lang='lat'>²3</span> <span class='ocrx_word' id='word_1_75' title='bbox 589 870 647 908; x_wconf 86' lang='lat' dir='ltr'>simul</span> <span class='ocrx_word' id='word_1_76' title='bbox 659 875 725 907; x_wconf 85' lang='lat' dir='ltr'>autem</span> <span class='ocrx_word' id='word_1_77' title='bbox 733 869 836 918; x_wconf 85' lang='lat' dir='ltr'>permultis</span> <span class='ocrx_word' id='word_1_78' title='bbox 845 868 913 917; x_wconf 80' lang='lat' dir='ltr'>figuris</span> 
     </span>
     <span class='ocr_line' id='line_1_12' title="bbox 174 934 915 987; baseline -0.004 -13"><span class='ocrx_word' id='word_1_79' title='bbox 174 937 262 986; x_wconf 80' lang='lat' dir='ltr'>syllabas</span> <span class='ocrx_word' id='word_1_80' title='bbox 280 937 381 974; x_wconf 81' lang='lat' dir='ltr'>contendit</span> <span class='ocrx_word' id='word_1_81' title='bbox 397 936 528 987; x_wconf 75' lang='lat' dir='ltr'>siguificari³3</span> <span class='ocrx_word' id='word_1_82' title='bbox 549 938 569 974; x_wconf 94' lang='lat' dir='ltr'>iu</span> <span class='ocrx_word' id='word_1_83' title='bbox 584 942 669 987; x_wconf 79' lang='lat' dir='ltr'>utroque</span> <span class='ocrx_word' id='word_1_84' title='bbox 683 935 837 975; x_wconf 84' lang='lat' dir='ltr'>consentientem</span> <span class='ocrx_word' id='word_1_85' title='bbox 855 934 915 973; x_wconf 82' lang='lat' dir='ltr'>habet</span> 
     </span>
     <span class='ocr_line' id='line_1_13' title="bbox 173 1004 915 1057; baseline -0.001 -14"><span class='ocrx_word' id='word_1_86' title='bbox 173 1004 290 1053; x_wconf 65' lang='lat' dir='ltr'>linimus,</span> <span class='ocrx_word' id='word_1_87' title='bbox 309 1005 344 1056; x_wconf 81' lang='lat' dir='ltr'>qui</span> <span class='ocrx_word' id='word_1_88' title='bbox 356 1006 453 1044; x_wconf 85' lang='lat' dir='ltr'>tamenin</span> <span class='ocrx_word' id='word_1_89' title='bbox 466 1019 489 1044; x_wconf 91' lang='lat' dir='ltr'>eo</span> <span class='ocrx_word' id='word_1_90' title='bbox 502 1019 542 1044; x_wconf 91' lang='lat' dir='ltr'>non</span> <span class='ocrx_word' id='word_1_91' title='bbox 554 1006 663 1057; x_wconf 78' lang='lat' dir='ltr'>acquievit,</span> <span class='ocrx_word' id='word_1_92' title='bbox 675 1019 743 1045; x_wconf 84' lang='lat' dir='ltr'>verum</span> <span class='ocrx_word' id='word_1_93' title='bbox 756 1005 843 1055; x_wconf 82' lang='lat' dir='ltr'>singulas</span> <span class='ocrx_word' id='word_1_94' title='bbox 856 1005 915 1042; x_wconf 85' lang='lat' dir='ltr'>etiam</span> 
     </span>
     <span class='ocr_line' id='line_1_14' title="bbox 174 1072 915 1124; baseline -0.001 -14"><span class='ocrx_word' id='word_1_95' title='bbox 174 1074 260 1123; x_wconf 80' lang='lat' dir='ltr'>exprimi</span> <span class='ocrx_word' id='word_1_96' title='bbox 271 1073 339 1111; x_wconf 87' lang='lat' dir='ltr'>literas</span> <span class='ocrx_word' id='word_1_97' title='bbox 352 1074 463 1122; x_wconf 77' lang='lat' dir='ltr'>existimat,</span> <span class='ocrx_word' id='word_1_98' title='bbox 475 1075 504 1113; x_wconf 90' lang='lat' dir='ltr'>ita</span> <span class='ocrx_word' id='word_1_99' title='bbox 516 1081 538 1112; x_wconf 89' lang='lat' dir='ltr'>ut</span> <span class='ocrx_word' id='word_1_100' title='bbox 550 1074 688 1124; x_wconf 84' lang='lat' dir='ltr'>antiquissima</span> <span class='ocrx_word' id='word_1_101' title='bbox 697 1083 791 1111; x_wconf 85' lang='lat' dir='ltr'>cuneatae</span> <span class='ocrx_word' id='word_1_102' title='bbox 800 1072 915 1122; x_wconf 81' lang='lat' dir='ltr'>scriptionis</span> 
     </span>
    </p>
   </div>
   <div class='ocr_carea' id='block_1_3' title="bbox 174 1139 916 1392">
    <p class='ocr_par' dir='ltr' id='par_1_3' title="bbox 174 1139 916 1392">
     <span class='ocr_line' id='line_1_15' title="bbox 174 1139 915 1190; baseline -0.003 -13"><span class='ocrx_word' id='word_1_103' title='bbox 174 1141 265 1190; x_wconf 79' lang='lat' dir='ltr'>exempla</span> <span class='ocrx_word' id='word_1_104' title='bbox 276 1141 368 1179; x_wconf 86' lang='lat' dir='ltr'>notiones</span> <span class='ocrx_word' id='word_1_105' title='bbox 380 1154 416 1190; x_wconf 90' lang='lat' dir='ltr'>per</span> <span class='ocrx_word' id='word_1_106' title='bbox 427 1143 535 1190; x_wconf 79' lang='lat' dir='ltr'>figurarum</span> <span class='ocrx_word' id='word_1_107' title='bbox 548 1141 686 1180; x_wconf 86' lang='lat' dir='ltr'>similitudines</span> <span class='ocrx_word' id='word_1_108' title='bbox 696 1140 800 1177; x_wconf 85' lang='lat' dir='ltr'>videantur</span> <span class='ocrx_word' id='word_1_109' title='bbox 810 1139 915 1184; x_wconf 78' lang='lat' dir='ltr'>indicasse,</span> 
     </span>
     <span class='ocr_line' id='line_1_16' title="bbox 174 1205 916 1258; baseline -0.003 -14"><span class='ocrx_word' id='word_1_110' title='bbox 174 1208 244 1244; x_wconf 87' lang='lat' dir='ltr'>deinde</span> <span class='ocrx_word' id='word_1_111' title='bbox 257 1207 346 1256; x_wconf 86' lang='lat' dir='ltr'>syllabas</span> <span class='ocrx_word' id='word_1_112' title='bbox 358 1213 434 1245; x_wconf 89' lang='lat' dir='ltr'>tantum</span> <span class='ocrx_word' id='word_1_113' title='bbox 447 1213 466 1245; x_wconf 91' lang='lat' dir='ltr'>et</span> <span class='ocrx_word' id='word_1_114' title='bbox 477 1214 578 1258; x_wconf 86' lang='lat' dir='ltr'>postremo</span> <span class='ocrx_word' id='word_1_115' title='bbox 590 1207 665 1257; x_wconf 85' lang='lat' dir='ltr'>primas</span> <span class='ocrx_word' id='word_1_116' title='bbox 675 1219 765 1257; x_wconf 82' lang='lat' dir='ltr'>quasque</span> <span class='ocrx_word' id='word_1_117' title='bbox 775 1207 846 1243; x_wconf 86' lang='lat' dir='ltr'>harum</span> <span class='ocrx_word' id='word_1_118' title='bbox 856 1205 916 1255; x_wconf 82' lang='lat' dir='ltr'>sylla-</span> 
     </span>
     <span class='ocr_line' id='line_1_17' title="bbox 175 1273 916 1326; baseline -0.004 -13"><span class='ocrx_word' id='word_1_119' title='bbox 175 1275 245 1313; x_wconf 86' lang='lat' dir='ltr'>barum</span> <span class='ocrx_word' id='word_1_120' title='bbox 253 1274 322 1313; x_wconf 77' lang='lat' dir='ltr'>literas</span> <span class='ocrx_word' id='word_1_121' title='bbox 333 1276 392 1315; x_wconf 82' lang='lat' dir='ltr'>solas.</span> <span class='ocrx_word' id='word_1_122' title='bbox 400 1276 433 1314; x_wconf 85' lang='lat' dir='ltr'>Ad</span> <span class='ocrx_word' id='word_1_123' title='bbox 444 1276 525 1314; x_wconf 85' lang='lat' dir='ltr'>eandem</span> <span class='ocrx_word' id='word_1_124' title='bbox 534 1277 649 1315; x_wconf 83' lang='lat' dir='ltr'>sententiam</span> <span class='ocrx_word' id='word_1_125' title='bbox 658 1281 790 1326; x_wconf 86' lang='lat' dir='ltr'>pervenerunt</span> <span class='ocrx_word' id='word_1_126' title='bbox 798 1286 826 1313; x_wconf 81' lang='lat' dir='ltr'>nn</span> <span class='ocrx_word' id='word_1_127' title='bbox 835 1273 916 1314; x_wconf 76' lang='lat' dir='ltr'>Snuner</span> 
     </span>
     <span class='ocr_line' id='line_1_18' title="bbox 175 1334 916 1392; baseline -0.003 -11"><span class='ocrx_word' id='word_1_128' title='bbox 175 1350 194 1381; x_wconf 86' lang='lat' dir='ltr'>et</span> <span class='ocrx_word' id='word_1_129' title='bbox 207 1334 363 1392; x_wconf 59' lang='lat' dir='ltr'>dubiamve-1,</span> <span class='ocrx_word' id='word_1_130' title='bbox 376 1345 528 1383; x_wconf 80' lang='lat' dir='ltr'>assentientibus</span> <span class='ocrx_word' id='word_1_131' title='bbox 538 1345 609 1383; x_wconf 79' lang='lat' dir='ltr'>Borrn</span> <span class='ocrx_word' id='word_1_132' title='bbox 619 1351 638 1382; x_wconf 88' lang='lat' dir='ltr'>ct</span> <span class='ocrx_word' id='word_1_133' title='bbox 646 1344 833 1382; x_wconf 76' lang='lat' dir='ltr'>Lonvvnusrnumo.</span> <span class='ocrx_word' id='word_1_134' title='bbox 846 1342 916 1380; x_wconf 82' lang='lat' dir='ltr'>Disce-</span> 
     </span>
    </p>
   </div>
   <div class='ocr_carea' id='block_1_4' title="bbox 174 1538 919 2892">
    <p class='ocr_par' dir='ltr' id='par_1_4' title="bbox 174 1538 918 1979">
     <span class='ocr_line' id='line_1_19' title="bbox 175 1538 917 1581; baseline -0.001 -9"><span class='ocrx_word' id='word_1_135' title='bbox 175 1549 190 1580; x_wconf 88' lang='lat' dir='ltr'>p.</span> <span class='ocrx_word' id='word_1_136' title='bbox 200 1541 210 1572; x_wconf 74' lang='grc'><em>5</em></span> <span class='ocrx_word' id='word_1_137' title='bbox 219 1550 251 1580; x_wconf 78' lang='lat' dir='ltr'>ss,</span> <span class='ocrx_word' id='word_1_138' title='bbox 264 1539 311 1572; x_wconf 82' lang='lat' dir='ltr'>aliud</span> <span class='ocrx_word' id='word_1_139' title='bbox 323 1540 419 1580; x_wconf 86' lang='lat' dir='ltr'>posteriore</span> <span class='ocrx_word' id='word_1_140' title='bbox 432 1544 488 1572; x_wconf 81' lang='lat' dir='ltr'>aetate</span> <span class='ocrx_word' id='word_1_141' title='bbox 500 1540 587 1573; x_wconf 89' lang='lat' dir='ltr'>invenitur</span> <span class='ocrx_word' id='word_1_142' title='bbox 599 1541 694 1581; x_wconf 87' lang='lat' dir='ltr'>cnrsivum,</span> <span class='ocrx_word' id='word_1_143' title='bbox 706 1550 751 1581; x_wconf 85' lang='lat' dir='ltr'>non,</span> <span class='ocrx_word' id='word_1_144' title='bbox 763 1544 782 1571; x_wconf 90' lang='lat' dir='ltr'>nt</span> <span class='ocrx_word' id='word_1_145' title='bbox 792 1538 834 1572; x_wconf 87' lang='lat' dir='ltr'>illud</span> <span class='ocrx_word' id='word_1_146' title='bbox 843 1538 917 1581; x_wconf 87' lang='lat' dir='ltr'>quidem,</span> 
     </span>
     <span class='ocr_line' id='line_1_20' title="bbox 175 1598 917 1639; baseline -0.003 -10"><span class='ocrx_word' id='word_1_147' title='bbox 175 1599 266 1630; x_wconf 81' lang='lat' dir='ltr'>esinistra</span> <span class='ocrx_word' id='word_1_148' title='bbox 282 1598 304 1629; x_wconf 81' lang='lat' dir='ltr'>ad</span> <span class='ocrx_word' id='word_1_149' title='bbox 321 1598 419 1639; x_wconf 78' lang='lat' dir='ltr'>dexteram,</span> <span class='ocrx_word' id='word_1_150' title='bbox 441 1608 499 1630; x_wconf 88' lang='lat' dir='ltr'>verum</span> <span class='ocrx_word' id='word_1_151' title='bbox 515 1607 526 1630; x_wconf 79' lang='lat' dir='ltr'>a</span> <span class='ocrx_word' id='word_1_152' title='bbox 541 1599 614 1631; x_wconf 79' lang='lat' dir='ltr'>dextera</span> <span class='ocrx_word' id='word_1_153' title='bbox 630 1600 652 1631; x_wconf 82' lang='lat' dir='ltr'>ad</span> <span class='ocrx_word' id='word_1_154' title='bbox 668 1600 754 1630; x_wconf 74' lang='lat' dir='ltr'>sinistram</span> <span class='ocrx_word' id='word_1_155' title='bbox 770 1601 867 1635; x_wconf 76' lang='lat' dir='ltr'>exaratum,</span> <span class='ocrx_word' id='word_1_156' title='bbox 884 1606 917 1638; x_wconf 83' lang='lat' dir='ltr'>qno</span> 
     </span>
     <span class='ocr_line' id='line_1_21' title="bbox 174 1645 916 1695; baseline -0.003 -9"><span class='ocrx_word' id='word_1_157' title='bbox 174 1656 256 1694; x_wconf 77' lang='lat' dir='ltr'>privatim</span> <span class='ocrx_word' id='word_1_158' title='bbox 271 1655 298 1685; x_wconf 89' lang='lat' dir='ltr'>usi</span> <span class='ocrx_word' id='word_1_159' title='bbox 313 1655 366 1686; x_wconf 78' lang='lat' dir='ltr'>fuisse</span> <span class='ocrx_word' id='word_1_160' title='bbox 378 1656 467 1694; x_wconf 85' lang='lat' dir='ltr'>videntur,</span> <span class='ocrx_word' id='word_1_161' title='bbox 482 1655 579 1688; x_wconf 87' lang='lat' dir='ltr'>Phoeniciis</span> <span class='ocrx_word' id='word_1_162' title='bbox 595 1656 649 1687; x_wconf 85' lang='lat' dir='ltr'>literis</span> <span class='ocrx_word' id='word_1_163' title='bbox 661 1656 708 1687; x_wconf 82' lang='lat' dir='ltr'>haud</span> <span class='ocrx_word' id='word_1_164' title='bbox 724 1655 815 1695; x_wconf 75' lang='lat' dir='ltr'>dissimile;</span> <span class='ocrx_word' id='word_1_165' title='bbox 832 1645 862 1686; x_wconf 85' lang='lat' dir='ltr'>cfr.</span> <span class='ocrx_word' id='word_1_166' title='bbox 875 1653 916 1685; x_wconf 77' lang='lat' dir='ltr'>Lnr.</span> 
     </span>
     <span class='ocr_line' id='line_1_22' title="bbox 175 1711 918 1753; baseline -0.001 -11"><span class='ocrx_word' id='word_1_167' title='bbox 175 1711 426 1753; x_wconf 52' lang='lat' dir='ltr'>auctoritateret.</span> <span class='ocrx_word' id='word_1_168' title='bbox 451 1712 499 1743; x_wconf 88' lang='lat' dir='ltr'>Idem</span> <span class='ocrx_word' id='word_1_169' title='bbox 515 1722 568 1753; x_wconf 75' lang='lat' dir='ltr'>genus</span> <span class='ocrx_word' id='word_1_170' title='bbox 583 1714 602 1743; x_wconf 92' lang='lat' dir='ltr'>in</span> <span class='ocrx_word' id='word_1_171' title='bbox 617 1714 664 1743; x_wconf 82' lang='lat' dir='ltr'>vasis</span> <span class='ocrx_word' id='word_1_172' title='bbox 679 1712 782 1753; x_wconf 84' lang='lat' dir='ltr'>quibusdam</span> <span class='ocrx_word' id='word_1_173' title='bbox 796 1711 876 1743; x_wconf 86' lang='lat' dir='ltr'>fictilibus</span> <span class='ocrx_word' id='word_1_174' title='bbox 891 1711 918 1741; x_wconf 90' lang='lat' dir='ltr'>in-</span> 
     </span>
     <span class='ocr_line' id='line_1_23' title="bbox 176 1767 917 1809; baseline 0 -12"><span class='ocrx_word' id='word_1_175' title='bbox 176 1768 256 1808; x_wconf 83' lang='lat' dir='ltr'>scriptum</span> <span class='ocrx_word' id='word_1_176' title='bbox 273 1771 384 1807; x_wconf 84' lang='lat' dir='ltr'>putaverunt,</span> <span class='ocrx_word' id='word_1_177' title='bbox 399 1777 443 1808; x_wconf 70' lang='lat' dir='ltr'>‹yuee</span> <span class='ocrx_word' id='word_1_178' title='bbox 458 1773 526 1809; x_wconf 81' lang='lat' dir='ltr'>reperta</span> <span class='ocrx_word' id='word_1_179' title='bbox 541 1769 559 1799; x_wconf 88' lang='lat' dir='ltr'>iu</span> <span class='ocrx_word' id='word_1_180' title='bbox 575 1768 618 1799; x_wconf 83' lang='lat' dir='ltr'>Nini</span> <span class='ocrx_word' id='word_1_181' title='bbox 637 1769 691 1799; x_wconf 86' lang='lat' dir='ltr'>ruinis</span> <span class='ocrx_word' id='word_1_182' title='bbox 703 1768 801 1799; x_wconf 87' lang='lat' dir='ltr'>Londinum</span> <span class='ocrx_word' id='word_1_183' title='bbox 816 1767 884 1808; x_wconf 81' lang='lat' dir='ltr'>perlata</span> <span class='ocrx_word' id='word_1_184' title='bbox 899 1767 917 1797; x_wconf 93' lang='lat' dir='ltr'>in</span> 
     </span>
     <span class='ocr_line' id='line_1_24' title="bbox 176 1822 918 1867; baseline 0.003 -13"><span class='ocrx_word' id='word_1_185' title='bbox 176 1823 237 1854; x_wconf 82' lang='lat' dir='ltr'>Museo</span> <span class='ocrx_word' id='word_1_186' title='bbox 249 1822 349 1854; x_wconf 83' lang='lat' dir='ltr'>Britannico</span> <span class='ocrx_word' id='word_1_187' title='bbox 367 1828 443 1865; x_wconf 70' lang='lat' dir='ltr'>exstant,</span> <span class='ocrx_word' id='word_1_188' title='bbox 459 1828 477 1856; x_wconf 87' lang='lat' dir='ltr'>at</span> <span class='ocrx_word' id='word_1_189' title='bbox 489 1825 529 1857; x_wconf 84' lang='lat' dir='ltr'>licet</span> <span class='ocrx_word' id='word_1_190' title='bbox 540 1826 569 1856; x_wconf 85' lang='lat' dir='ltr'>vix</span> <span class='ocrx_word' id='word_1_191' title='bbox 582 1825 640 1867; x_wconf 83' lang='lat' dir='ltr'>aliqua</span> <span class='ocrx_word' id='word_1_192' title='bbox 651 1825 705 1857; x_wconf 87' lang='lat' dir='ltr'>verba</span> <span class='ocrx_word' id='word_1_193' title='bbox 716 1825 767 1867; x_wconf 85' lang='lat' dir='ltr'>plane</span> <span class='ocrx_word' id='word_1_194' title='bbox 780 1825 813 1857; x_wconf 90' lang='lat' dir='ltr'>sint</span> <span class='ocrx_word' id='word_1_195' title='bbox 823 1824 918 1863; x_wconf 81' lang='lat' dir='ltr'>enucleata,</span> 
     </span>
     <span class='ocr_line' id='line_1_25' title="bbox 176 1880 917 1924; baseline 0.001 -12"><span class='ocrx_word' id='word_1_196' title='bbox 176 1881 248 1922; x_wconf 86' lang='lat' dir='ltr'>perspici</span> <span class='ocrx_word' id='word_1_197' title='bbox 260 1884 318 1912; x_wconf 82' lang='lat' dir='ltr'>tamen</span> <span class='ocrx_word' id='word_1_198' title='bbox 331 1880 387 1914; x_wconf 90' lang='lat' dir='ltr'>adhuc</span> <span class='ocrx_word' id='word_1_199' title='bbox 398 1883 462 1924; x_wconf 88' lang='lat' dir='ltr'>potuit,</span> <span class='ocrx_word' id='word_1_200' title='bbox 475 1882 497 1914; x_wconf 87' lang='lat' dir='ltr'>ad</span> <span class='ocrx_word' id='word_1_201' title='bbox 511 1882 618 1915; x_wconf 83' lang='lat' dir='ltr'>chaldaicum</span> <span class='ocrx_word' id='word_1_202' title='bbox 630 1892 727 1915; x_wconf 85' lang='lat' dir='ltr'>sermonem</span> <span class='ocrx_word' id='word_1_203' title='bbox 740 1893 761 1915; x_wconf 87' lang='lat' dir='ltr'>ea</span> <span class='ocrx_word' id='word_1_204' title='bbox 772 1882 863 1915; x_wconf 82' lang='lat' dir='ltr'>referenda</span> <span class='ocrx_word' id='word_1_205' title='bbox 875 1892 917 1913; x_wconf 86' lang='lat' dir='ltr'>esse.</span> 
     </span>
     <span class='ocr_line' id='line_1_26' title="bbox 177 1937 568 1979; baseline 0.01 -11"><span class='ocrx_word' id='word_1_206' title='bbox 177 1938 205 1969; x_wconf 77' lang='lat' dir='ltr'>cfr.</span> <span class='ocrx_word' id='word_1_207' title='bbox 217 1937 327 1969; x_wconf 81' lang='lat' dir='ltr'>Athenaeum</span> <span class='ocrx_word' id='word_1_208' title='bbox 339 1939 394 1970; x_wconf 87' lang='lat' dir='ltr'>Lond.</span> <span class='ocrx_word' id='word_1_209' title='bbox 407 1939 462 1979; x_wconf 79' lang='lat'>1851,</span> <span class='ocrx_word' id='word_1_210' title='bbox 474 1939 508 1971; x_wconf 82' lang='lat' dir='ltr'>No.</span> <span class='ocrx_word' id='word_1_211' title='bbox 518 1941 568 1973; x_wconf 67' lang='lat'>1348.</span> 
     </span>
    </p>

    <p class='ocr_par' dir='ltr' id='par_1_5' title="bbox 211 1992 538 2036">
     <span class='ocr_line' id='line_1_27' title="bbox 211 1992 538 2036; baseline 0.009 -12"><span class='ocrx_word' id='word_1_212' title='bbox 211 1992 227 2032; x_wconf 86' lang='lat'>1)</span> <span class='ocrx_word' id='word_1_213' title='bbox 240 1994 275 2025; x_wconf 78' lang='lat' dir='ltr'>Otr.</span> <span class='ocrx_word' id='word_1_214' title='bbox 287 1994 353 2025; x_wconf 71' lang='lat' dir='ltr'>Boion</span> <span class='ocrx_word' id='word_1_215' title='bbox 365 1995 377 2025; x_wconf 86' lang='lat' dir='ltr'>l.</span> <span class='ocrx_word' id='word_1_216' title='bbox 385 1995 396 2025; x_wconf 90' lang='lat' dir='ltr'>l.</span> <span class='ocrx_word' id='word_1_217' title='bbox 409 2005 425 2036; x_wconf 82' lang='lat' dir='ltr'>p.</span> <span class='ocrx_word' id='word_1_218' title='bbox 435 1996 493 2027; x_wconf 78' lang='lat'>350-</span> <span class='ocrx_word' id='word_1_219' title='bbox 500 1996 538 2029; x_wconf 67' lang='lat' dir='ltr'>tte.</span> 
     </span>
    </p>

    <p class='ocr_par' dir='ltr' id='par_1_6' title="bbox 211 2049 647 2093">
     <span class='ocr_line' id='line_1_28' title="bbox 211 2049 647 2093; baseline 0.007 -12"><span class='ocrx_word' id='word_1_220' title='bbox 211 2049 227 2088; x_wconf 80' lang='lat'>2)</span> <span class='ocrx_word' id='word_1_221' title='bbox 240 2050 275 2081; x_wconf 74' lang='lat' dir='ltr'>Otr.</span> <span class='ocrx_word' id='word_1_222' title='bbox 289 2050 397 2081; x_wconf 81' lang='lat' dir='ltr'>Athenaedm</span> <span class='ocrx_word' id='word_1_223' title='bbox 409 2051 463 2082; x_wconf 87' lang='lat' dir='ltr'>Lond.</span> <span class='ocrx_word' id='word_1_224' title='bbox 477 2053 530 2083; x_wconf 75' lang='lat'>1850.</span> <span class='ocrx_word' id='word_1_225' title='bbox 543 2063 558 2092; x_wconf 89' lang='lat' dir='ltr'>p.</span> <span class='ocrx_word' id='word_1_226' title='bbox 567 2052 606 2084; x_wconf 75' lang='lat'>555.</span> <span class='ocrx_word' id='word_1_227' title='bbox 619 2062 647 2093; x_wconf 85' lang='lat' dir='ltr'>qq.</span> 
     </span>
    </p>

    <p class='ocr_par' dir='ltr' id='par_1_7' title="bbox 176 2104 917 2194">
     <span class='ocr_line' id='line_1_29' title="bbox 211 2104 917 2151; baseline 0.006 -15"><span class='ocrx_word' id='word_1_228' title='bbox 211 2104 228 2144; x_wconf 83' lang='lat'>3)</span> <span class='ocrx_word' id='word_1_229' title='bbox 240 2105 275 2137; x_wconf 78' lang='lat' dir='ltr'>Cir.</span> <span class='ocrx_word' id='word_1_230' title='bbox 287 2105 328 2137; x_wconf 89' lang='lat' dir='ltr'>ibid.</span> <span class='ocrx_word' id='word_1_231' title='bbox 341 2117 356 2148; x_wconf 91' lang='lat' dir='ltr'>p.</span> <span class='ocrx_word' id='word_1_232' title='bbox 368 2107 406 2139; x_wconf 69' lang='lat'>903.</span> <span class='ocrx_word' id='word_1_233' title='bbox 426 2108 486 2139; x_wconf 74' lang='lat' dir='ltr'>Huius.</span> <span class='ocrx_word' id='word_1_234' title='bbox 498 2117 585 2149; x_wconf 81' lang='lat' dir='ltr'>nunqnam</span> <span class='ocrx_word' id='word_1_235' title='bbox 598 2109 674 2151; x_wconf 81' lang='lat' dir='ltr'>singulas</span> <span class='ocrx_word' id='word_1_236' title='bbox 685 2109 744 2141; x_wconf 82' lang='lat' dir='ltr'>literas</span> <span class='ocrx_word' id='word_1_237' title='bbox 756 2110 814 2141; x_wconf 86' lang='lat' dir='ltr'>cuneis</span> <span class='ocrx_word' id='word_1_238' title='bbox 826 2109 917 2150; x_wconf 81' lang='lat' dir='ltr'>significari</span> 
     </span>
     <span class='ocr_line' id='line_1_30' title="bbox 176 2162 269 2194; baseline 0.011 -1"><span class='ocrx_word' id='word_1_239' title='bbox 176 2162 269 2194; x_wconf 81' lang='lat' dir='ltr'>existimat.</span> 
     </span>
    </p>

    <p class='ocr_par' dir='ltr' id='par_1_8' title="bbox 176 2218 919 2892">
     <span class='ocr_line' id='line_1_31' title="bbox 210 2218 917 2267; baseline 0.007 -16"><span class='ocrx_word' id='word_1_240' title='bbox 210 2218 227 2259; x_wconf 77' lang='lat'>4)</span> <span class='ocrx_word' id='word_1_241' title='bbox 240 2219 275 2252; x_wconf 75' lang='lat' dir='ltr'>Cir.</span> <span class='ocrx_word' id='word_1_242' title='bbox 287 2220 372 2254; x_wconf 69' lang='lat' dir='ltr'>Riunns.</span> <span class='ocrx_word' id='word_1_243' title='bbox 385 2222 481 2255; x_wconf 81' lang='lat' dir='ltr'>Comment.</span> <span class='ocrx_word' id='word_1_244' title='bbox 494 2234 516 2256; x_wconf 91' lang='lat' dir='ltr'>on</span> <span class='ocrx_word' id='word_1_245' title='bbox 528 2223 557 2255; x_wconf 86' lang='lat' dir='ltr'>the</span> <span class='ocrx_word' id='word_1_246' title='bbox 569 2223 635 2257; x_wconf 86' lang='lat' dir='ltr'>Cuneif.</span> <span class='ocrx_word' id='word_1_247' title='bbox 646 2224 699 2256; x_wconf 86' lang='lat' dir='ltr'>lusor.</span> <span class='ocrx_word' id='word_1_248' title='bbox 712 2236 728 2267; x_wconf 91' lang='lat' dir='ltr'>p.</span> <span class='ocrx_word' id='word_1_249' title='bbox 737 2226 748 2257; x_wconf 80' lang='lat'>4</span> <span class='ocrx_word' id='word_1_250' title='bbox 756 2234 778 2257; x_wconf 85' lang='lat' dir='ltr'>ss.</span> <span class='ocrx_word' id='word_1_251' title='bbox 790 2225 865 2257; x_wconf 85' lang='lat' dir='ltr'>Memoir</span> <span class='ocrx_word' id='word_1_252' title='bbox 877 2236 892 2266; x_wconf 89' lang='lat' dir='ltr'>p.</span> <span class='ocrx_word' id='word_1_253' title='bbox 901 2226 917 2256; x_wconf 74' lang='lat'>4.</span> 
     </span>
     <span class='ocr_line' id='line_1_32' title="bbox 176 2277 919 2323; baseline 0.008 -16"><span class='ocrx_word' id='word_1_254' title='bbox 176 2277 205 2308; x_wconf 77' lang='lat' dir='ltr'>cir.</span> <span class='ocrx_word' id='word_1_255' title='bbox 218 2277 328 2310; x_wconf 83' lang='lat' dir='ltr'>Athenaeum</span> <span class='ocrx_word' id='word_1_256' title='bbox 341 2279 394 2319; x_wconf 71' lang='lat'>1850,</span> <span class='ocrx_word' id='word_1_257' title='bbox 406 2291 422 2321; x_wconf 87' lang='lat' dir='ltr'>p.</span> <span class='ocrx_word' id='word_1_258' title='bbox 432 2281 470 2313; x_wconf 73' lang='lat'>903.</span> <span class='ocrx_word' id='word_1_259' title='bbox 490 2280 557 2313; x_wconf 80' lang='lat' dir='ltr'>Bonom</span> <span class='ocrx_word' id='word_1_260' title='bbox 568 2282 579 2313; x_wconf 90' lang='lat' dir='ltr'>i.</span> <span class='ocrx_word' id='word_1_261' title='bbox 589 2282 600 2313; x_wconf 84' lang='lat' dir='ltr'>i.</span> <span class='ocrx_word' id='word_1_262' title='bbox 613 2292 628 2323; x_wconf 88' lang='lat' dir='ltr'>p.</span> <span class='ocrx_word' id='word_1_263' title='bbox 638 2282 671 2313; x_wconf 75' lang='lat'>374</span> <span class='ocrx_word' id='word_1_264' title='bbox 679 2291 702 2312; x_wconf 80' lang='lat' dir='ltr'>ss.</span> <span class='ocrx_word' id='word_1_265' title='bbox 718 2281 804 2313; x_wconf 73' lang='lat' dir='ltr'>Rnwtms</span> <span class='ocrx_word' id='word_1_266' title='bbox 816 2282 835 2312; x_wconf 92' lang='lat' dir='ltr'>in</span> <span class='ocrx_word' id='word_1_267' title='bbox 847 2282 919 2323; x_wconf 83' lang='lat' dir='ltr'>epistola</span> 
     </span>
     <span class='ocr_line' id='line_1_33' title="bbox 176 2333 917 2379; baseline 0.009 -16"><span class='ocrx_word' id='word_1_268' title='bbox 176 2342 191 2363; x_wconf 81' lang='lat' dir='ltr'>a.</span> <span class='ocrx_word' id='word_1_269' title='bbox 201 2333 217 2363; x_wconf 92' lang='lat' dir='ltr'>d.</span> <span class='ocrx_word' id='word_1_270' title='bbox 230 2333 275 2364; x_wconf 72' lang='lat' dir='ltr'>VHI</span> <span class='ocrx_word' id='word_1_271' title='bbox 286 2333 322 2365; x_wconf 81' lang='lat' dir='ltr'>Cal.</span> <span class='ocrx_word' id='word_1_272' title='bbox 335 2334 405 2367; x_wconf 87' lang='lat' dir='ltr'>Octobr.</span> <span class='ocrx_word' id='word_1_273' title='bbox 422 2339 463 2369; x_wconf 81' lang='lat' dir='ltr'>anni</span> <span class='ocrx_word' id='word_1_274' title='bbox 478 2338 566 2379; x_wconf 84' lang='lat' dir='ltr'>praeteriti</span> <span class='ocrx_word' id='word_1_275' title='bbox 578 2336 621 2368; x_wconf 90' lang='lat' dir='ltr'>Nini</span> <span class='ocrx_word' id='word_1_276' title='bbox 634 2338 728 2378; x_wconf 84' lang='lat' dir='ltr'>perscripta</span> <span class='ocrx_word' id='word_1_277' title='bbox 740 2337 775 2378; x_wconf 85' lang='lat' dir='ltr'>(cfr.</span> <span class='ocrx_word' id='word_1_278' title='bbox 789 2337 853 2368; x_wconf 80' lang='lat' dir='ltr'>Athen.</span> <span class='ocrx_word' id='word_1_279' title='bbox 868 2339 917 2377; x_wconf 67' lang='lat'>1859,</span> 
     </span>
     <span class='ocr_line' id='line_1_34' title="bbox 176 2387 918 2434; baseline 0.012 -16"><span class='ocrx_word' id='word_1_280' title='bbox 176 2387 211 2420; x_wconf 85' lang='lat' dir='ltr'>No.</span> <span class='ocrx_word' id='word_1_281' title='bbox 220 2388 270 2420; x_wconf 73' lang='lat'>1311.</span> <span class='ocrx_word' id='word_1_282' title='bbox 282 2398 300 2430; x_wconf 89' lang='lat' dir='ltr'>p.</span> <span class='ocrx_word' id='word_1_283' title='bbox 309 2390 360 2430; x_wconf 70' lang='lat' dir='ltr'>itta)</span> <span class='ocrx_word' id='word_1_284' title='bbox 372 2398 460 2424; x_wconf 84' lang='lat' dir='ltr'>asseverat</span> <span class='ocrx_word' id='word_1_285' title='bbox 472 2394 521 2434; x_wconf 76' lang='lat' dir='ltr'>„that</span> <span class='ocrx_word' id='word_1_286' title='bbox 536 2394 565 2425; x_wconf 88' lang='lat' dir='ltr'>the</span> <span class='ocrx_word' id='word_1_287' title='bbox 581 2403 611 2425; x_wconf 85' lang='lat' dir='ltr'>era</span> <span class='ocrx_word' id='word_1_288' title='bbox 627 2394 647 2426; x_wconf 78' lang='lat' dir='ltr'>oi</span> <span class='ocrx_word' id='word_1_289' title='bbox 657 2392 770 2425; x_wconf 85' lang='lat' dir='ltr'>Nahonassar</span> <span class='ocrx_word' id='word_1_290' title='bbox 781 2394 840 2426; x_wconf 79' lang='lat' dir='ltr'>marks</span> <span class='ocrx_word' id='word_1_291' title='bbox 851 2394 880 2426; x_wconf 90' lang='lat' dir='ltr'>the</span> <span class='ocrx_word' id='word_1_292' title='bbox 892 2396 918 2427; x_wconf 91' lang='lat' dir='ltr'>in-</span> 
     </span>
     <span class='ocr_line' id='line_1_35' title="bbox 176 2446 918 2492; baseline 0.009 -15"><span class='ocrx_word' id='word_1_293' title='bbox 176 2446 275 2478; x_wconf 86' lang='lat' dir='ltr'>troduction</span> <span class='ocrx_word' id='word_1_294' title='bbox 287 2447 307 2478; x_wconf 87' lang='lat' dir='ltr'>of</span> <span class='ocrx_word' id='word_1_295' title='bbox 316 2448 402 2489; x_wconf 84' lang='lat' dir='ltr'>Assyrian</span> <span class='ocrx_word' id='word_1_296' title='bbox 413 2450 484 2492; x_wconf 75' lang='lat' dir='ltr'>utiting</span> <span class='ocrx_word' id='word_1_297' title='bbox 498 2451 535 2483; x_wconf 88' lang='lat' dir='ltr'>into</span> <span class='ocrx_word' id='word_1_298' title='bbox 546 2450 653 2492; x_wconf 83' lang='lat' dir='ltr'>Babylonia,</span> <span class='ocrx_word' id='word_1_299' title='bbox 669 2452 727 2484; x_wconf 89' lang='lat' dir='ltr'>where</span> <span class='ocrx_word' id='word_1_300' title='bbox 744 2462 755 2484; x_wconf 82' lang='lat' dir='ltr'>a</span> <span class='ocrx_word' id='word_1_301' title='bbox 771 2452 814 2485; x_wconf 86' lang='lat' dir='ltr'>kind</span> <span class='ocrx_word' id='word_1_302' title='bbox 829 2452 849 2484; x_wconf 84' lang='lat' dir='ltr'>of</span> <span class='ocrx_word' id='word_1_303' title='bbox 862 2452 918 2484; x_wconf 89' lang='lat' dir='ltr'>hiero-</span> 
     </span>
     <span class='ocr_line' id='line_1_36' title="bbox 176 2503 918 2550; baseline 0.011 -16"><span class='ocrx_word' id='word_1_304' title='bbox 176 2503 245 2546; x_wconf 85' lang='lat' dir='ltr'>glyphic</span> <span class='ocrx_word' id='word_1_305' title='bbox 258 2504 299 2544; x_wconf 84' lang='lat' dir='ltr'>only</span> <span class='ocrx_word' id='word_1_306' title='bbox 309 2513 346 2535; x_wconf 81' lang='lat' dir='ltr'>was</span> <span class='ocrx_word' id='word_1_307' title='bbox 358 2507 456 2548; x_wconf 77' lang='lat' dir='ltr'>previously</span> <span class='ocrx_word' id='word_1_308' title='bbox 467 2508 484 2539; x_wconf 88' lang='lat' dir='ltr'>in</span> <span class='ocrx_word' id='word_1_309' title='bbox 497 2518 532 2539; x_wconf 87' lang='lat' dir='ltr'>use.</span> <span class='ocrx_word' id='word_1_310' title='bbox 556 2508 583 2540; x_wconf 85' lang='lat' dir='ltr'>He</span> <span class='ocrx_word' id='word_1_311' title='bbox 595 2509 668 2550; x_wconf 77' lang='lat' dir='ltr'>thought</span> <span class='ocrx_word' id='word_1_312' title='bbox 683 2510 705 2541; x_wconf 89' lang='lat' dir='ltr'>he</span> <span class='ocrx_word' id='word_1_313' title='bbox 716 2509 752 2541; x_wconf 88' lang='lat' dir='ltr'>had</span> <span class='ocrx_word' id='word_1_314' title='bbox 763 2509 817 2541; x_wconf 78' lang='lat' dir='ltr'>tonnd</span> <span class='ocrx_word' id='word_1_315' title='bbox 831 2510 918 2549; x_wconf 80' lang='lat' dir='ltr'>evidence,</span> 
     </span>
     <span class='ocr_line' id='line_1_37' title="bbox 177 2561 918 2608; baseline 0.009 -16"><span class='ocrx_word' id='word_1_316' title='bbox 177 2562 214 2594; x_wconf 87' lang='lat' dir='ltr'>that</span> <span class='ocrx_word' id='word_1_317' title='bbox 225 2562 254 2594; x_wconf 89' lang='lat' dir='ltr'>the</span> <span class='ocrx_word' id='word_1_318' title='bbox 266 2561 384 2602; x_wconf 79' lang='lat' dir='ltr'>hieroglyphic</span> <span class='ocrx_word' id='word_1_319' title='bbox 396 2564 466 2606; x_wconf 84' lang='lat' dir='ltr'>writing</span> <span class='ocrx_word' id='word_1_320' title='bbox 478 2564 512 2596; x_wconf 82' lang='lat' dir='ltr'>had</span> <span class='ocrx_word' id='word_1_321' title='bbox 524 2565 570 2601; x_wconf 65' lang='lat' dir='ltr'>been¹</span> <span class='ocrx_word' id='word_1_322' title='bbox 580 2566 646 2598; x_wconf 83' lang='lat' dir='ltr'>carried</span> <span class='ocrx_word' id='word_1_323' title='bbox 659 2571 676 2598; x_wconf 88' lang='lat' dir='ltr'>to</span> <span class='ocrx_word' id='word_1_324' title='bbox 684 2561 758 2608; x_wconf 79' lang='lat' dir='ltr'>Assyria</span> <span class='ocrx_word' id='word_1_325' title='bbox 769 2567 787 2599; x_wconf 83' lang='lat' dir='ltr'>X</span> <span class='ocrx_word' id='word_1_326' title='bbox 799 2578 819 2598; x_wconf 89' lang='lat' dir='ltr'>or</span> <span class='ocrx_word' id='word_1_327' title='bbox 830 2567 868 2599; x_wconf 87' lang='grc' dir='ltr'>ΧΠ</span> <span class='ocrx_word' id='word_1_328' title='bbox 880 2577 918 2599; x_wconf 87' lang='lat' dir='ltr'>cen-</span> 
     </span>
     <span class='ocr_line' id='line_1_38' title="bbox 176 2618 918 2665; baseline 0.009 -17"><span class='ocrx_word' id='word_1_329' title='bbox 176 2619 229 2649; x_wconf 86' lang='lat' dir='ltr'>turies</span> <span class='ocrx_word' id='word_1_330' title='bbox 241 2618 300 2649; x_wconf 82' lang='lat' dir='ltr'>before</span> <span class='ocrx_word' id='word_1_331' title='bbox 312 2618 341 2649; x_wconf 90' lang='lat' dir='ltr'>the</span> <span class='ocrx_word' id='word_1_332' title='bbox 354 2619 441 2651; x_wconf 83' lang='lat' dir='ltr'>Christian</span> <span class='ocrx_word' id='word_1_333' title='bbox 454 2630 491 2660; x_wconf 85' lang='lat' dir='ltr'>era,</span> <span class='ocrx_word' id='word_1_334' title='bbox 508 2622 605 2663; x_wconf 86' lang='lat' dir='ltr'>improved,</span> <span class='ocrx_word' id='word_1_335' title='bbox 617 2623 665 2654; x_wconf 82' lang='lat' dir='ltr'>there</span> <span class='ocrx_word' id='word_1_336' title='bbox 677 2623 728 2655; x_wconf 85' lang='lat' dir='ltr'>made</span> <span class='ocrx_word' id='word_1_337' title='bbox 741 2624 822 2665; x_wconf 84' lang='lat' dir='ltr'>partially</span> <span class='ocrx_word' id='word_1_338' title='bbox 833 2623 918 2665; x_wconf 85' lang='lat' dir='ltr'>phonetic,</span> 
     </span>
     <span class='ocr_line' id='line_1_39' title="bbox 177 2673 918 2722; baseline 0.011 -18"><span class='ocrx_word' id='word_1_339' title='bbox 177 2673 211 2704; x_wconf 84' lang='lat' dir='ltr'>and</span> <span class='ocrx_word' id='word_1_340' title='bbox 223 2675 326 2716; x_wconf 86' lang='lat' dir='ltr'>reimp01tcd</span> <span class='ocrx_word' id='word_1_341' title='bbox 338 2676 356 2707; x_wconf 90' lang='lat' dir='ltr'>in</span> <span class='ocrx_word' id='word_1_342' title='bbox 367 2677 390 2708; x_wconf 91' lang='lat' dir='ltr'>its</span> <span class='ocrx_word' id='word_1_343' title='bbox 402 2676 468 2708; x_wconf 83' lang='lat' dir='ltr'>altered</span> <span class='ocrx_word' id='word_1_344' title='bbox 481 2677 533 2721; x_wconf 82' lang='lat' dir='ltr'>shepe</span> <span class='ocrx_word' id='word_1_345' title='bbox 546 2682 563 2710; x_wconf 84' lang='lat' dir='ltr'>at</span> <span class='ocrx_word' id='word_1_346' title='bbox 574 2678 604 2710; x_wconf 88' lang='lat' dir='ltr'>the</span> <span class='ocrx_word' id='word_1_347' title='bbox 616 2680 669 2722; x_wconf 89' lang='lat' dir='ltr'>epoch</span> <span class='ocrx_word' id='word_1_348' title='bbox 681 2681 795 2714; x_wconf 79' lang='lat' dir='ltr'>mentioned.“</span> <span class='ocrx_word' id='word_1_349' title='bbox 819 2680 874 2713; x_wconf 87' lang='lat' dir='ltr'>Porro</span> <span class='ocrx_word' id='word_1_350' title='bbox 888 2680 918 2712; x_wconf 85' lang='lat' dir='ltr'>ali·</span> 
     </span>
     <span class='ocr_line' id='line_1_40' title="bbox 177 2732 919 2780; baseline 0.012 -18"><span class='ocrx_word' id='word_1_351' title='bbox 177 2734 219 2772; x_wconf 88' lang='lat' dir='ltr'>quot</span> <span class='ocrx_word' id='word_1_352' title='bbox 231 2732 289 2764; x_wconf 78' lang='lat' dir='ltr'>attulit</span> <span class='ocrx_word' id='word_1_353' title='bbox 300 2734 388 2776; x_wconf 80' lang='lat' dir='ltr'>exempla,</span> <span class='ocrx_word' id='word_1_354' title='bbox 404 2734 464 2776; x_wconf 85' lang='lat' dir='ltr'>quibus</span> <span class='ocrx_word' id='word_1_355' title='bbox 481 2734 628 2769; x_wconf 83' lang='lat' dir='ltr'>demonstraret-ur</span> <span class='ocrx_word' id='word_1_356' title='bbox 643 2739 729 2780; x_wconf 86' lang='lat' dir='ltr'>quomodo</span> <span class='ocrx_word' id='word_1_357' title='bbox 746 2739 795 2771; x_wconf 85' lang='lat' dir='ltr'>cunei</span> <span class='ocrx_word' id='word_1_358' title='bbox 806 2738 919 2779; x_wconf 81' lang='lat' dir='ltr'>paullatima</span> 
     </span>
     <span class='ocr_line' id='line_1_41' title="bbox 177 2789 917 2832; baseline 0.011 -13"><span class='ocrx_word' id='word_1_359' title='bbox 177 2789 265 2821; x_wconf 90' lang='lat' dir='ltr'>notionum</span> <span class='ocrx_word' id='word_1_360' title='bbox 282 2790 378 2832; x_wconf 76' lang='lat' dir='ltr'>significatu</span> <span class='ocrx_word' id='word_1_361' title='bbox 394 2791 417 2823; x_wconf 86' lang='lat' dir='ltr'>ad</span> <span class='ocrx_word' id='word_1_362' title='bbox 432 2791 507 2832; x_wconf 84' lang='lat' dir='ltr'>syllabas</span> <span class='ocrx_word' id='word_1_363' title='bbox 524 2796 541 2823; x_wconf 91' lang='lat' dir='ltr'>et</span> <span class='ocrx_word' id='word_1_364' title='bbox 555 2792 614 2826; x_wconf 84' lang='lat' dir='ltr'>literas</span> <span class='ocrx_word' id='word_1_365' title='bbox 631 2797 749 2829; x_wconf 78' lang='lat' dir='ltr'>transformati</span> <span class='ocrx_word' id='word_1_366' title='bbox 768 2800 830 2828; x_wconf 81' lang='lat' dir='ltr'>essent.</span> <span class='ocrx_word' id='word_1_367' title='bbox 846 2812 868 2819; x_wconf 84' lang='lat'>-·</span> <span class='ocrx_word' id='word_1_368' title='bbox 888 2797 917 2828; x_wconf 81' lang='lat' dir='ltr'>cfr.</span> 
     </span>
     <span class='ocr_line' id='line_1_42' title="bbox 178 2844 623 2892; baseline 0.018 -17"><span class='ocrx_word' id='word_1_369' title='bbox 178 2844 283 2878; x_wconf 72' lang='lat' dir='ltr'>Gabiniano.</span> <span class='ocrx_word' id='word_1_370' title='bbox 297 2847 324 2879; x_wconf 90' lang='lat' dir='ltr'>die</span> <span class='ocrx_word' id='word_1_371' title='bbox 337 2848 524 2881; x_wconf 77' lang='lat' dir='ltr'>Tributverzeichnisse</span> <span class='ocrx_word' id='word_1_372' title='bbox 537 2853 557 2881; x_wconf 84' lang='lat' dir='ltr'>ct.</span> <span class='ocrx_word' id='word_1_373' title='bbox 571 2861 586 2892; x_wconf 86' lang='lat' dir='ltr'>p.</span> <span class='ocrx_word' id='word_1_374' title='bbox 598 2852 623 2883; x_wconf 76' lang='lat'>14.</span> 
     </span>
    </p>
   </div>
   <div class='ocr_carea' id='block_1_5' title="bbox 0 0 962 3264">
    <p class='ocr_par' dir='ltr' id='par_1_9' title="bbox 0 0 962 3264">
     <span class='ocr_line' id='line_1_43' title="bbox 0 0 962 3264; baseline 0 0"><span class='ocrx_word' id='word_1_375' title='bbox 0 0 962 3264; x_wconf 95' lang='lat' dir='ltr'> </span> 
     </span>
    </p>
   </div>
  </div>
 </body>
</html>
