1889 3264
276 187 292 237 ξ.
305 189 321 224 5.
339 187 372 225 Dr
383 197 450 225 nunus
461 186 603 225 Assrnroaun.
763 198 814 224 arm

54 363 56 367 Α
73 310 166 362 bylonios
178 310 292 361 imperavit,
303 312 421 362 adquorum
431 310 574 357 contumaciam
584 310 747 361 compescendam
756 322 814 361 regu-

73 379 104 417 lus
117 392 129 417 a
140 383 197 429 patre
208 380 327 419 constitutus
335 383 389 425 erat,
403 378 471 415 andita
479 379 543 427 patris
553 379 622 426 caede,
636 378 739 417 confestim
748 379 813 428 parri-

74 447 128 485 cidas
140 452 254 496 persecutns
266 447 286 484 in
298 446 395 484 montium
404 445 569 483 Armeniacorum
578 447 680 496 angustias
692 447 787 497 compulit
795 447 812 494 ¹3

74 520 115 552 tmn
126 528 184 563 vero,
197 528 262 553 rernm
272 514 402 564 Assyriarum
410 512 496 563 potitus,
508 512 529 551 id
538 513 664 563 potissimum
673 514 812 562 meditabatur,

74 578 95 620 ut
110 595 191 633 regnum
206 583 227 619 in
242 581 349 631 pristinum
366 580 466 631 potentiae
482 580 597 632 gloriaeque
609 586 682 620 statum
693 582 812 620 restitueret.

73 649 101 688 Et
116 663 160 688 cum
176 650 271 687 orientem
288 661 356 687 versus
371 648 475 687 Medorum
491 648 604 699 respublica
619 661 660 686 non
678 648 751 687 idonea
769 662 813 688 esse

73 717 182 764 videretur,
202 730 262 767 quam
277 716 403 767 impugnaret
418 722 478 767 atque
492 716 512 754 in
528 716 623 755 ditionem
641 729 697 755 snam
708 716 812 767 redigeret,

74 797 97 823 eo
109 784 172 835 inagis
185 784 305 823 occidentem
316 784 422 834 petendum
438 784 570 833 existimavit,
586 785 654 835 ibique
670 785 812 835 recuperanda,

74 865 125 903 qnae
145 857 192 902 post
211 851 310 890 funestum
328 852 391 902 patris
410 857 510 902 receptum
529 852 646 890 deiecerant.
675 853 743 903 Atque
762 852 812 891 adeo

74 919 145 958 summi
156 920 260 957 ridebatur
272 920 367 958 momenti
378 932 431 967 esse,
446 924 469 957 ut
484 924 590 958 evacuatae
601 919 771 968 Ephraimitarum
783 933 813 959 se-

74 988 108 1026 des
120 988 211 1038 Assyriis
224 987 299 1026 colonis
311 988 427 1025 incolendas
442 988 577 1035 traderentnr3
594 1000 656 1037 quare
671 1000 689 1025 a.
702 1000 718 1025 c⁴
732 991 775 1035 otc,
792 994 814 1025 ut

74 1068 135 1105 supra
150 1055 283 1105 computando
298 1055 403 1093 statuimus
410 1053 423 1103 ²,
440 1068 451 1093 e
466 1054 553 1105 quinque
567 1054 670 1106 gentibus,
687 1055 813 1105 Babyloniis,

75 1121 178 1171 Onthaeis,
191 1122 275 1170 Avaeis‚
292 1122 423 1170 Hemathitis,
440 1121 583 1173 Sephoram,
600 1122 693 1161 idoneam
704 1123 813 1161 multitudi-

74 1203 118 1227 nem
149 1203 172 1227 eo
200 1190 269 1228 deduci
292 1190 360 1237 iussit3
388 1190 442 1228 facta
466 1195 531 1228 autem
556 1190 671 1237 occasione,
699 1190 813 1229 Manassem

73 1258 192 1295 Iudaeorum
203 1270 270 1308 regem
281 1257 406 1307 Babylonem
422 1270 434 1295 a
451 1257 514 1307 copiis
530 1258 572 1296 eius
584 1263 709 1307 asportatum
721 1258 813 1304 vidimus,

74 1329 134 1375 atque
145 1325 195 1362 adeo
208 1330 296 1363 extremo
308 1326 352 1362 loco
364 1324 450 1363 Iudaeos
461 1324 486 1362 ab
499 1324 591 1376 Assyriis
603 1337 647 1363 esse
658 1330 749 1364 vexatos.
773 1326 814 1363 Eo-

74 1393 118 1429 dem
135 1398 224 1442 tempore
242 1392 296 1443 qnod
307 1392 461 1430 Philistaeorum
477 1405 557 1443 quoque
571 1392 642 1439 urbes,
658 1397 753 1444 tanquam
770 1406 814 1443 gra-

74 1459 177 1499 uissimum
193 1465 262 1497 contra
273 1460 386 1510 Aegyptios
402 1460 584 1510 propugnaculum,
600 1460 758 1510 recuperaverit,
774 1473 815 1498 non

74 1527 169 1566 dissimile
188 1527 229 1566 veri
247 1539 290 1566 esse
302 1526 401 1574 videtnr³;
419 1540 487 1566 uerum
504 1528 558 1578 quod
569 1528 684 1578 Aegyptum
699 1527 765 1578 ipsam
781 1541 815 1566 ex-

76 1595 204 1645 pugnaverit,
221 1595 251 1632 uti
262 1595 344 1632 tradidit
355 1595 469 1633 Antonium
485 1601 505 1633 et
524 1609 548 1633 ex
565 1601 737 1634 monumentorum
754 1596 816 1634 titulis

74 1676 136 1713 nuper
148 1663 221 1702 eruisse
234 1663 272 1701 sibi
284 1662 362 1700 videtur
373 1662 558 1710 Raunmsomusffl
571 1675 607 1701 nec
619 1668 731 1712 temporum
743 1664 815 1702 rationi

75 1826 155 1858 Ceterum
169 1836 205 1858 non
221 1824 289 1857 ridetur
301 1826 423 1867 omittendum,
439 1826 485 1868 quod
500 1826 518 1857 in
534 1824 625 1857 annalibus
638 1824 731 1859 Sanheribi
743 1836 754 1859 a
765 1826 818 1860 Raw-

75 1891 148 1915 rmsomo
160 1883 249 1926 explicatis
262 1885 323 1922 quarto
337 1882 383 1914 illius
399 1892 445 1915 anno
458 1881 514 1924 (713),
529 1881 596 1914 devicto
608 1882 714 1916 Merodaoho
726 1882 818 1916 Baladano

75 1941 130 1973 Assur
135 1940 195 1973 Nadin
200 1941 246 1972 iilius
253 1938 361 1980 Babyloniae
368 1940 476 1981 praepositus
483 1948 520 1971 esse
526 1938 585 1970 fertur.
594 1939 623 1970 cir.
631 1938 677 1971 Outl.
685 1950 701 1981 p.
709 1939 817 1972 XXXVIII.

110 1996 126 2036 l)
138 1997 173 2030 Cir.
185 1997 218 2029 Ies,
230 1995 331 2035 XXXVII,
344 1996 371 2028 38.
390 1996 419 2028 cfr.
432 1997 508 2029 Anrnun.
520 1996 583 2027 Enseu.
596 1995 631 2026 chr.
644 2004 686 2027 arm.
699 2005 714 2037 p.
724 1997 752 2029 53.

109 2054 126 2093 9)
139 2053 173 2086 otr.
186 2063 237 2096 snpra
248 2064 264 2095 p.
273 2051 354 2093 XXVII,
366 2056 401 2085 not.
411 2054 426 2085 l.

109 2111 127 2152 3)
139 2109 221 2143 Smnmus
233 2110 251 2141 in
263 2109 307 2140 libro
320 2108 451 2150 diligentissime
464 2110 558 2151 composito
571 2108 632 2150 ,Gaza
640 2108 675 2140 und
684 2108 712 2140 die
720 2108 818 2142 Philistaei-

75 2166 185 2199 scheKiiste“
196 2166 249 2205 1352,
258 2175 274 2207 p.
283 2165 322 2197 204.
334 2166 366 2197 207
380 2175 416 2198 non
428 2167 483 2199 solum
494 2166 609 2200 sanna-ioum
621 2175 681 2199 verum
693 2166 746 2198 etiam
754 2167 817 2200 Assar-

75 2222 173 2255 haddonem
185 2223 203 2253 in
214 2221 346 2254 Philistaeorum
360 2223 430 2255 urbibus
443 2224 526 2256 stationes
537 2228 620 2266 perpetuo
632 2223 713 2255 habuisse
725 2225 818 2265 existimat,

76 2283 126 2321 atque
138 2279 215 2312 indidem
223 2277 334 2319 Assyriorum
346 2280 404 2320 copias
412 2279 516 2313 Iudaeorum
527 2280 570 2312 fines
582 2289 660 2311 vexasse
677 2280 702 2311 At
709 2290 759 2320 uero,
771 2282 817 2323 qnod

77 2336 99 2369 ad
107 2336 247 2368 Assarhaddonis
260 2338 334 2366 aetatem
347 2336 416 2375 attinet,
428 2337 495 2368 idoneis
507 2337 611 2378 argumentis
624 2345 645 2367 ea
656 2337 742 2368 sententia
750 2337 818 2370 videtur

77 2402 143 2433 carere,
159 2393 203 2432 imo,
219 2392 252 2423 nisi
264 2391 309 2423 forte
321 2391 408 2434 expeditio
420 2392 458 2433 illa,
474 2403 526 2434 qnam
537 2394 556 2424 in
567 2392 666 2434 Aegyptum
677 2392 738 2426 fecisse
750 2394 817 2436 dicitur,

77 2449 189 2491 amplioribus
200 2449 307 2481 documentis
322 2449 414 2490 aliquando
429 2450 540 2492 comprobata
551 2449 612 2490 fuerit,
628 2449 661 2483 hoc
676 2453 743 2483 tantum
759 2453 818 2485 verisi-

77 2506 117 2538 mile
128 2505 205 2547 vidctur,
220 2506 361 2539 Assarhaddonis
374 2507 431 2549 copias
443 2507 522 2549 regiones
534 2508 598 2539 ticinae
610 2507 728 2548 infestarisse,
740 2519 778 2541 cum
790 2521 818 2541 co-

77 2564 126 2595 lonos
140 2562 179 2594 illos
194 2563 212 2594 in
225 2562 322 2596 Samariam
337 2563 453 2596 dedimissent,

111 2618 129 2658 4]
142 2619 233 2651 Anrnrnus
240 2620 309 2660 (musar.
318 2619 352 2652 chr.
362 2629 404 2654 arm.
412 2631 429 2662 p,
436 2619 465 2660 54>
473 2620 516 2652 haec
523 2620 583 2652 habet:
599 2620 685 2661 ,Axerdis
694 2625 751 2653 autem
759 2622 818 2665 Aegy-

77 2678 126 2717 ptum
140 2678 231 2717 partesque
246 2675 307 2717 Syriae
322 2676 413 2709 inferiores
428 2678 446 2709 in
465 2686 513 2709 snam
532 2680 636 2719 potestatem
654 2675 740 2718 redegit&
758 2679 819 2718 quibus

78 2735 143 2774 quanta
154 2731 244 2774 largienda
260 2734 283 2765 sit
294 2732 348 2773 fides,
364 2733 440 2765 ostendit
450 2733 534 2766 Nisaunn,
545 2734 569 2766 kl.
583 2733 669 2766 Schriften
681 2733 699 2775 I,
712 2736 751 2767 206.
775 2735 819 2769 Gra-

78 2789 127 2822 viora
139 2793 187 2829 snut,
200 2790 215 2821 si
227 2794 273 2821 recte
285 2790 375 2822 enucleata
386 2795 426 2822 sunt
438 2790 572 2823 aarucusono
581 2791 634 2822 verba
646 2801 667 2823 ex
675 2792 751 2833 imagine
758 2792 820 2832 leonis,

78 2847 142 2889 reperti
156 2848 174 2879 in
188 2847 253 2889 palatio
269 2845 290 2879 ab
307 2846 442 2879 Assarhaddone
461 2847 551 2880 aedificato
571 2847 617 2889 apud
635 2849 692 2880 uicum
706 2847 746 2879 hod.
762 2847 820 2881 Ncbbi

79 2903 147 2944 Yunns3
167 2903 191 2936 ibi
211 2904 256 2935 enim
275 2902 369 2935 luculenter
384 2903 418 2945 legi
434 2904 517 2936 affirmat:
537 2903 671 2945 ,Esarhaddon,
691 2913 786 2946 conqueror
803 2906 823 2937 of
