<?xml version="1.0" encoding="UTF-8"?>
<!DOCTYPE html PUBLIC "-//W3C//DTD XHTML 1.0 Transitional//EN"
    "http://www.w3.org/TR/xhtml1/DTD/xhtml1-transitional.dtd">
<html xmlns="http://www.w3.org/1999/xhtml" xml:lang="en" lang="en">
 <head>
  <title>
</title>
<meta http-equiv="Content-Type" content="text/html;charset=utf-8" />
  <meta name='ocr-system' content='tesseract 3.04.00' />
  <meta name='ocr-capabilities' content='ocr_page ocr_carea ocr_par ocr_line ocrx_word'/>
</head>
<body>
  <div class='ocr_page' id='page_1' title='image "MN41908ucmf_7_0128.png"; bbox 0 0 1889 3264; ppageno 0'>
   <div class='ocr_carea' id='block_1_1' title="bbox 95 138 557 192">
    <p class='ocr_par' dir='ltr' id='par_1_1' title="bbox 95 138 557 192">
     <span class='ocr_line' id='line_1_1' title="bbox 95 138 557 192; baseline -0.004 -10"><span class='ocrx_word' id='word_1_1' title='bbox 95 138 124 182; x_wconf 74' lang='lat'>26</span> <span class='ocrx_word' id='word_1_2' title='bbox 372 142 420 181; x_wconf 64' lang='lat' dir='ltr'>Gar).</span> <span class='ocrx_word' id='word_1_3' title='bbox 430 143 450 192; x_wconf 92' lang='lat' dir='ltr'>l,</span> <span class='ocrx_word' id='word_1_4' title='bbox 464 156 481 181; x_wconf 91' lang='lat' dir='ltr'>v.</span> <span class='ocrx_word' id='word_1_5' title='bbox 492 145 557 181; x_wconf 75' lang='lat'>7-11.</span> 
     </span>
    </p>
   </div>
   <div class='ocr_carea' id='block_1_2' title="bbox 93 266 838 2286">
    <p class='ocr_par' dir='ltr' id='par_1_2' title="bbox 94 266 835 578">
     <span class='ocr_line' id='line_1_2' title="bbox 94 266 834 319; baseline 0.008 -16"><span class='ocrx_word' id='word_1_6' title='bbox 94 275 149 319; x_wconf 49' lang='grc' dir='ltr'>μ</span> <span class='ocrx_word' id='word_1_7' title='bbox 160 280 204 303; x_wconf 81' lang='lat' dir='ltr'>eum</span> <span class='ocrx_word' id='word_1_8' title='bbox 217 274 282 318; x_wconf 48' lang='grc' dir='ltr'>ρὰ,</span> <span class='ocrx_word' id='word_1_9' title='bbox 296 278 339 302; x_wconf 86' lang='lat' dir='ltr'>oum</span> <span class='ocrx_word' id='word_1_10' title='bbox 352 267 454 306; x_wconf 77' lang='lat' dir='ltr'><strong>exhibeat:</strong></span> <span class='ocrx_word' id='word_1_11' title='bbox 467 272 486 305; x_wconf 88' lang='lat' dir='ltr'>et</span> <span class='ocrx_word' id='word_1_12' title='bbox 498 266 627 304; x_wconf 86' lang='lat' dir='ltr'>inundatione</span> <span class='ocrx_word' id='word_1_13' title='bbox 639 273 733 316; x_wconf 88' lang='lat' dir='ltr'>operatus</span> <span class='ocrx_word' id='word_1_14' title='bbox 746 275 776 309; x_wconf 91' lang='lat' dir='ltr'>est</span> <span class='ocrx_word' id='word_1_15' title='bbox 789 283 834 309; x_wconf 85' lang='lat' dir='ltr'>eon-</span> 
     </span>
     <span class='ocr_line' id='line_1_3' title="bbox 94 325 835 386; baseline 0.005 -14"><span class='ocrx_word' id='word_1_16' title='bbox 94 325 218 373; x_wconf 66' lang='lat' dir='ltr'>mirationem.</span> <span class='ocrx_word' id='word_1_17' title='bbox 254 333 345 371; x_wconf 79' lang='lat' dir='ltr'>Ceterum</span> <span class='ocrx_word' id='word_1_18' title='bbox 357 334 493 373; x_wconf 84' lang='lat' dir='ltr'>inundationis</span> <span class='ocrx_word' id='word_1_19' title='bbox 506 333 626 373; x_wconf 86' lang='lat' dir='ltr'>transeuntis</span> <span class='ocrx_word' id='word_1_20' title='bbox 637 333 724 386; x_wconf 76' lang='lat' dir='ltr'>imagine</span> <span class='ocrx_word' id='word_1_21' title='bbox 736 337 835 377; x_wconf 83' lang='lat' dir='ltr'>exereitus</span> 
     </span>
     <span class='ocr_line' id='line_1_4' title="bbox 94 400 835 453; baseline 0.005 -14"><span class='ocrx_word' id='word_1_22' title='bbox 94 403 161 453; x_wconf 84' lang='lat' dir='ltr'>magni</span> <span class='ocrx_word' id='word_1_23' title='bbox 186 403 290 440; x_wconf 86' lang='lat' dir='ltr'>adventum</span> <span class='ocrx_word' id='word_1_24' title='bbox 311 407 380 452; x_wconf 86' lang='lat' dir='ltr'>aperte</span> <span class='ocrx_word' id='word_1_25' title='bbox 398 402 487 453; x_wconf 83' lang='lat' dir='ltr'>praediei</span> <span class='ocrx_word' id='word_1_26' title='bbox 508 402 624 442; x_wconf 74' lang='lat' dir='ltr'>existimant</span> <span class='ocrx_word' id='word_1_27' title='bbox 641 400 744 451; x_wconf 66' lang='lat' dir='ltr'>Virmn,</span> <span class='ocrx_word' id='word_1_28' title='bbox 766 404 835 453; x_wconf 71' lang='lat' dir='ltr'>Hrrz,</span> 
     </span>
     <span class='ocr_line' id='line_1_5' title="bbox 94 469 835 522; baseline 0.003 -14"><span class='ocrx_word' id='word_1_29' title='bbox 94 472 166 520; x_wconf 79' lang='lat' dir='ltr'>quibus</span> <span class='ocrx_word' id='word_1_30' title='bbox 177 470 280 521; x_wconf 86' lang='lat' dir='ltr'>respondit</span> <span class='ocrx_word' id='word_1_31' title='bbox 290 469 418 519; x_wconf 68' lang='lat' dir='ltr'>tantillum,</span> <span class='ocrx_word' id='word_1_32' title='bbox 431 475 513 521; x_wconf 87' lang='lat' dir='ltr'>propter</span> <span class='ocrx_word' id='word_1_33' title='bbox 526 483 567 522; x_wconf 81' lang='lat' dir='ltr'>seq.</span> <span class='ocrx_word' id='word_1_34' title='bbox 579 469 672 509; x_wconf 76' lang='lat' dir='ltr'>tenebras</span> <span class='ocrx_word' id='word_1_35' title='bbox 684 471 835 520; x_wconf 80' lang='lat' dir='ltr'>praeferendum</span> 
     </span>
     <span class='ocr_line' id='line_1_6' title="bbox 94 537 510 578; baseline 0 -2"><span class='ocrx_word' id='word_1_36' title='bbox 94 550 137 578; x_wconf 83' lang='lat' dir='ltr'>esse</span> <span class='ocrx_word' id='word_1_37' title='bbox 149 550 229 577; x_wconf 89' lang='lat' dir='ltr'>sensum</span> <span class='ocrx_word' id='word_1_38' title='bbox 241 537 360 577; x_wconf 70' lang='lat' dir='ltr'>calamitatis</span> <span class='ocrx_word' id='word_1_39' title='bbox 371 537 510 577; x_wconf 85' lang='lat' dir='ltr'>ineluetabilis.</span> 
     </span>
    </p>

    <p class='ocr_par' dir='ltr' id='par_1_3' title="bbox 93 603 838 2286">
     <span class='ocr_line' id='line_1_7' title="bbox 129 603 835 659; baseline 0.001 -14"><span class='ocrx_word' id='word_1_40' title='bbox 129 603 170 647; x_wconf 62' lang='lat' dir='ltr'>:ibn</span> <span class='ocrx_word' id='word_1_41' title='bbox 183 618 261 656; x_wconf 83' lang='lat' dir='ltr'>semper</span> <span class='ocrx_word' id='word_1_42' title='bbox 272 618 316 644; x_wconf 90' lang='lat' dir='ltr'>esse</span> <span class='ocrx_word' id='word_1_43' title='bbox 326 605 372 644; x_wconf 81' lang='lat' dir='ltr'>iem.</span> <span class='ocrx_word' id='word_1_44' title='bbox 385 605 434 653; x_wconf 78' lang='lat' dir='ltr'>adi,</span> <span class='ocrx_word' id='word_1_45' title='bbox 447 611 603 645; x_wconf 74' lang='lat' dir='ltr'>consummatum</span> <span class='ocrx_word' id='word_1_46' title='bbox 615 605 701 656; x_wconf 82' lang='lat' dir='ltr'>aliquid,</span> <span class='ocrx_word' id='word_1_47' title='bbox 713 620 777 659; x_wconf 87' lang='lat' dir='ltr'>neque</span> <span class='ocrx_word' id='word_1_48' title='bbox 788 621 835 647; x_wconf 86' lang='lat' dir='ltr'>vero</span> 
     </span>
     <span class='ocr_line' id='line_1_8' title="bbox 94 672 837 725; baseline 0.003 -13"><span class='ocrx_word' id='word_1_49' title='bbox 94 673 260 721; x_wconf 79' lang='lat' dir='ltr'>consiuntionem,</span> <span class='ocrx_word' id='word_1_50' title='bbox 276 672 306 711; x_wconf 85' lang='lat' dir='ltr'>uti</span> <span class='ocrx_word' id='word_1_51' title='bbox 321 672 438 722; x_wconf 79' lang='lat' dir='ltr'>interpretes</span> <span class='ocrx_word' id='word_1_52' title='bbox 454 673 519 712; x_wconf 81' lang='lat' dir='ltr'>cuncti</span> <span class='ocrx_word' id='word_1_53' title='bbox 535 673 640 721; x_wconf 80' lang='lat' dir='ltr'>exhibent,</span> <span class='ocrx_word' id='word_1_54' title='bbox 657 674 731 712; x_wconf 89' lang='lat' dir='ltr'>dudum</span> <span class='ocrx_word' id='word_1_55' title='bbox 743 676 837 725; x_wconf 80' lang='lat' dir='ltr'>probavit</span> 
     </span>
     <span class='ocr_line' id='line_1_9' title="bbox 93 739 835 793; baseline 0.001 -13"><span class='ocrx_word' id='word_1_56' title='bbox 93 740 199 780; x_wconf 74' lang='lat' dir='ltr'>HENGSTB.</span> <span class='ocrx_word' id='word_1_57' title='bbox 212 739 306 780; x_wconf 85' lang='lat' dir='ltr'>Clrristol.</span> <span class='ocrx_word' id='word_1_58' title='bbox 315 740 345 788; x_wconf 89' lang='lat' dir='ltr'>H,</span> <span class='ocrx_word' id='word_1_59' title='bbox 358 743 391 779; x_wconf 79' lang='lat'>513</span> <span class='ocrx_word' id='word_1_60' title='bbox 401 754 439 789; x_wconf 79' lang='lat' dir='ltr'>ss,</span> <span class='ocrx_word' id='word_1_61' title='bbox 457 747 526 780; x_wconf 84' lang='lat' dir='ltr'>contra</span> <span class='ocrx_word' id='word_1_62' title='bbox 538 755 608 793; x_wconf 83' lang='lat' dir='ltr'>quem,</span> <span class='ocrx_word' id='word_1_63' title='bbox 624 742 679 792; x_wconf 79' lang='lat' dir='ltr'>quod</span> <span class='ocrx_word' id='word_1_64' title='bbox 690 743 767 781; x_wconf 89' lang='lat' dir='ltr'>monuit</span> <span class='ocrx_word' id='word_1_65' title='bbox 778 743 835 781; x_wconf 78' lang='lat' dir='ltr'><strong>HAE-</strong></span> 
     </span>
     <span class='ocr_line' id='line_1_10' title="bbox 94 808 836 861; baseline 0.001 -13"><span class='ocrx_word' id='word_1_66' title='bbox 94 820 155 848; x_wconf 73' lang='lat' dir='ltr'>vnnn.</span> <span class='ocrx_word' id='word_1_67' title='bbox 167 808 203 847; x_wconf 76' lang='grc' dir='ltr'>ΕΖ.</span> <span class='ocrx_word' id='word_1_68' title='bbox 220 822 241 859; x_wconf 83' lang='lat' dir='ltr'>p.</span> <span class='ocrx_word' id='word_1_69' title='bbox 252 811 294 857; x_wconf 74' lang='lat' dir='ltr'>tlt,</span> <span class='ocrx_word' id='word_1_70' title='bbox 310 820 361 850; x_wconf 70' lang='lat' dir='ltr'>niun</span> <span class='ocrx_word' id='word_1_71' title='bbox 376 822 420 848; x_wconf 87' lang='lat' dir='ltr'>esse</span> <span class='ocrx_word' id='word_1_72' title='bbox 435 811 527 861; x_wconf 81' lang='lat' dir='ltr'>exsequi,</span> <span class='ocrx_word' id='word_1_73' title='bbox 543 823 584 847; x_wconf 91' lang='lat' dir='ltr'>non</span> <span class='ocrx_word' id='word_1_74' title='bbox 600 810 668 860; x_wconf 82' lang='lat' dir='ltr'>magni</span> <span class='ocrx_word' id='word_1_75' title='bbox 684 812 777 849; x_wconf 85' lang='lat' dir='ltr'>momenti</span> <span class='ocrx_word' id='word_1_76' title='bbox 793 823 836 851; x_wconf 88' lang='lat' dir='ltr'>esse</span> 
     </span>
     <span class='ocr_line' id='line_1_11' title="bbox 94 875 835 927; baseline 0.004 -12"><span class='ocrx_word' id='word_1_77' title='bbox 94 882 167 927; x_wconf 75' lang='lat' dir='ltr'>potest,</span> <span class='ocrx_word' id='word_1_78' title='bbox 190 877 223 916; x_wconf 87' lang='lat' dir='ltr'>De</span> <span class='ocrx_word' id='word_1_79' title='bbox 237 877 324 916; x_wconf 82' lang='lat' dir='ltr'>formula</span> <span class='ocrx_word' id='word_1_80' title='bbox 338 876 427 916; x_wconf 78' lang='lat' dir='ltr'>iudiciali</span> <span class='ocrx_word' id='word_1_81' title='bbox 441 888 520 920; x_wconf 63' lang='lat' dir='ltr'>asinii</span> <span class='ocrx_word' id='word_1_82' title='bbox 536 875 577 918; x_wconf 65' lang='lat' dir='ltr'>ab:</span> <span class='ocrx_word' id='word_1_83' title='bbox 593 877 628 914; x_wconf 79' lang='lat' dir='ltr'>ofr.</span> <span class='ocrx_word' id='word_1_84' title='bbox 641 877 744 917; x_wconf 74' lang='lat' dir='ltr'>Vrrnuton</span> <span class='ocrx_word' id='word_1_85' title='bbox 760 879 786 917; x_wconf 89' lang='lat' dir='ltr'>ad</span> <span class='ocrx_word' id='word_1_86' title='bbox 797 879 835 918; x_wconf 86' lang='lat' dir='ltr'>les.</span> 
     </span>
     <span class='ocr_line' id='line_1_12' title="bbox 95 945 836 999; baseline 0.003 -16"><span class='ocrx_word' id='word_1_87' title='bbox 95 945 126 993; x_wconf 87' lang='lat' dir='ltr'>X,</span> <span class='ocrx_word' id='word_1_88' title='bbox 143 948 172 983; x_wconf 57' lang='grc' dir='ltr'>Ὦ.</span> <span class='ocrx_word' id='word_1_89' title='bbox 206 954 285 994; x_wconf 64' lang='lat' dir='ltr'>neapo,</span> <span class='ocrx_word' id='word_1_90' title='bbox 302 946 368 983; x_wconf 78' lang='lat' dir='ltr'>locum</span> <span class='ocrx_word' id='word_1_91' title='bbox 384 946 436 993; x_wconf 85' lang='lat' dir='ltr'>eius,</span> <span class='ocrx_word' id='word_1_92' title='bbox 455 945 505 983; x_wconf 87' lang='lat' dir='ltr'>Nini</span> <span class='ocrx_word' id='word_1_93' title='bbox 520 958 564 983; x_wconf 88' lang='lat' dir='ltr'>esse</span> <span class='ocrx_word' id='word_1_94' title='bbox 578 946 653 993; x_wconf 90' lang='lat' dir='ltr'>looum,</span> <span class='ocrx_word' id='word_1_95' title='bbox 673 952 726 984; x_wconf 82' lang='lat' dir='ltr'>reete</span> <span class='ocrx_word' id='word_1_96' title='bbox 747 948 836 999; x_wconf 83' lang='lat' dir='ltr'>plerique</span> 
     </span>
     <span class='ocr_line' id='line_1_13' title="bbox 96 1011 836 1065; baseline 0.003 -14"><span class='ocrx_word' id='word_1_97' title='bbox 96 1012 188 1052; x_wconf 82' lang='lat' dir='ltr'>viderunt</span> <span class='ocrx_word' id='word_1_98' title='bbox 199 1011 294 1063; x_wconf 72' lang='lat' dir='ltr'>interpr,</span> <span class='ocrx_word' id='word_1_99' title='bbox 305 1019 385 1063; x_wconf 87' lang='lat' dir='ltr'>praeter</span> <span class='ocrx_word' id='word_1_100' title='bbox 397 1013 495 1052; x_wconf 72' lang='lat' dir='ltr'>Hostem.</span> <span class='ocrx_word' id='word_1_101' title='bbox 508 1014 536 1063; x_wconf 84' lang='lat' dir='ltr'>(v.</span> <span class='ocrx_word' id='word_1_102' title='bbox 549 1015 613 1065; x_wconf 78' lang='lat' dir='ltr'>supr.)</span> <span class='ocrx_word' id='word_1_103' title='bbox 625 1019 645 1051; x_wconf 90' lang='lat' dir='ltr'>et</span> <span class='ocrx_word' id='word_1_104' title='bbox 653 1014 836 1063; x_wconf 76' lang='lat' dir='ltr'>HESSELBERGIUM,</span> 
     </span>
     <span class='ocr_line' id='line_1_14' title="bbox 96 1077 837 1134; baseline 0.003 -15"><span class='ocrx_word' id='word_1_105' title='bbox 96 1080 213 1132; x_wconf 77' lang='lat' dir='ltr'>(primirum</span> <span class='ocrx_word' id='word_1_106' title='bbox 225 1080 288 1128; x_wconf 81' lang='lat' dir='ltr'>dictu,</span> <span class='ocrx_word' id='word_1_107' title='bbox 306 1081 350 1119; x_wconf 82' lang='lat' dir='ltr'>suff.</span> <span class='ocrx_word' id='word_1_108' title='bbox 362 1082 423 1119; x_wconf 84' lang='lat' dir='ltr'>refert</span> <span class='ocrx_word' id='word_1_109' title='bbox 435 1082 460 1119; x_wconf 86' lang='lat' dir='ltr'>ad</span> <span class='ocrx_word' id='word_1_110' title='bbox 472 1077 522 1121; x_wconf 58' lang='lat' dir='ltr'>abl!</span> <span class='ocrx_word' id='word_1_111' title='bbox 545 1083 583 1128; x_wconf 84' lang='lat' dir='ltr'>At,</span> <span class='ocrx_word' id='word_1_112' title='bbox 600 1082 651 1119; x_wconf 89' lang='lat' dir='ltr'>unde</span> <span class='ocrx_word' id='word_1_113' title='bbox 667 1094 741 1132; x_wconf 81' lang='lat' dir='ltr'>quaero</span> <span class='ocrx_word' id='word_1_114' title='bbox 753 1082 837 1134; x_wconf 80' lang='lat' dir='ltr'>intelligi</span> 
     </span>
     <span class='ocr_line' id='line_1_15' title="bbox 96 1148 836 1198; baseline 0.003 -12"><span class='ocrx_word' id='word_1_115' title='bbox 96 1148 176 1187; x_wconf 81' lang='lat' dir='ltr'>ommno</span> <span class='ocrx_word' id='word_1_116' title='bbox 191 1154 271 1198; x_wconf 88' lang='lat' dir='ltr'>posset,</span> <span class='ocrx_word' id='word_1_117' title='bbox 292 1148 364 1198; x_wconf 88' lang='lat' dir='ltr'>respioi</span> <span class='ocrx_word' id='word_1_118' title='bbox 379 1148 466 1197; x_wconf 81' lang='lat' dir='ltr'>Ninum,</span> <span class='ocrx_word' id='word_1_119' title='bbox 488 1148 527 1186; x_wconf 89' lang='lat' dir='ltr'>nisi</span> <span class='ocrx_word' id='word_1_120' title='bbox 542 1162 623 1186; x_wconf 87' lang='lat' dir='ltr'>monere</span> <span class='ocrx_word' id='word_1_121' title='bbox 640 1149 709 1187; x_wconf 90' lang='lat' dir='ltr'>titulus</span> <span class='ocrx_word' id='word_1_122' title='bbox 724 1150 836 1188; x_wconf 79' lang='lat' dir='ltr'>videretur?</span> 
     </span>
     <span class='ocr_line' id='line_1_16' title="bbox 96 1215 836 1268; baseline 0.004 -14"><span class='ocrx_word' id='word_1_123' title='bbox 96 1216 131 1255; x_wconf 84' lang='lat' dir='ltr'>efr.</span> <span class='ocrx_word' id='word_1_124' title='bbox 144 1216 170 1254; x_wconf 90' lang='lat' dir='ltr'>ad</span> <span class='ocrx_word' id='word_1_125' title='bbox 182 1230 200 1254; x_wconf 82' lang='lat' dir='ltr'>v.</span> <span class='ocrx_word' id='word_1_126' title='bbox 211 1219 227 1255; x_wconf 87' lang='grc'>1.</span> <span class='ocrx_word' id='word_1_127' title='bbox 252 1215 313 1256; x_wconf 88' lang='lat' dir='ltr'>Omni</span> <span class='ocrx_word' id='word_1_128' title='bbox 328 1217 380 1255; x_wconf 89' lang='lat' dir='ltr'>enim</span> <span class='ocrx_word' id='word_1_129' title='bbox 392 1222 446 1255; x_wconf 87' lang='lat' dir='ltr'>earet</span> <span class='ocrx_word' id='word_1_130' title='bbox 461 1217 564 1267; x_wconf 78' lang='lat' dir='ltr'>analogia,</span> <span class='ocrx_word' id='word_1_131' title='bbox 583 1217 637 1268; x_wconf 85' lang='lat' dir='ltr'>qnod</span> <span class='ocrx_word' id='word_1_132' title='bbox 648 1217 726 1267; x_wconf 78' lang='lat' dir='ltr'>profert</span> <span class='ocrx_word' id='word_1_133' title='bbox 736 1217 836 1267; x_wconf 66' lang='lat' dir='ltr'>Brumae,</span> 
     </span>
     <span class='ocr_line' id='line_1_17' title="bbox 96 1284 837 1335; baseline 0.003 -13"><span class='ocrx_word' id='word_1_134' title='bbox 96 1284 169 1334; x_wconf 78' lang='lat' dir='ltr'>respici</span> <span class='ocrx_word' id='word_1_135' title='bbox 190 1298 233 1323; x_wconf 84' lang='lat' dir='ltr'>eam</span> <span class='ocrx_word' id='word_1_136' title='bbox 255 1285 287 1322; x_wconf 87' lang='lat' dir='ltr'>hie</span> <span class='ocrx_word' id='word_1_137' title='bbox 308 1292 328 1323; x_wconf 88' lang='lat' dir='ltr'>et</span> <span class='ocrx_word' id='word_1_138' title='bbox 348 1300 366 1324; x_wconf 79' lang='lat' dir='ltr'>u.</span> <span class='ocrx_word' id='word_1_139' title='bbox 381 1289 401 1323; x_wconf 87' lang='lat' dir='ltr'>ll</span> <span class='ocrx_word' id='word_1_140' title='bbox 422 1299 458 1335; x_wconf 88' lang='lat' dir='ltr'>per</span> <span class='ocrx_word' id='word_1_141' title='bbox 478 1285 622 1335; x_wconf 80' lang='lat' dir='ltr'>anastrophen,</span> <span class='ocrx_word' id='word_1_142' title='bbox 643 1285 723 1323; x_wconf 88' lang='lat' dir='ltr'>nomine</span> <span class='ocrx_word' id='word_1_143' title='bbox 742 1285 797 1325; x_wconf 87' lang='lat' dir='ltr'>urbis</span> <span class='ocrx_word' id='word_1_144' title='bbox 817 1286 837 1324; x_wconf 91' lang='lat' dir='ltr'>in</span> 
     </span>
     <span class='ocr_line' id='line_1_18' title="bbox 96 1352 837 1404; baseline 0.003 -14"><span class='ocrx_word' id='word_1_145' title='bbox 96 1352 142 1403; x_wconf 88' lang='lat' dir='ltr'>ipsa</span> <span class='ocrx_word' id='word_1_146' title='bbox 156 1352 263 1403; x_wconf 86' lang='lat' dir='ltr'>prophetia</span> <span class='ocrx_word' id='word_1_147' title='bbox 278 1366 318 1391; x_wconf 90' lang='lat' dir='ltr'>non</span> <span class='ocrx_word' id='word_1_148' title='bbox 334 1366 440 1403; x_wconf 81' lang='lat' dir='ltr'>expresso3</span> <span class='ocrx_word' id='word_1_149' title='bbox 458 1353 566 1401; x_wconf 83' lang='lat' dir='ltr'>„affeetus,</span> <span class='ocrx_word' id='word_1_150' title='bbox 582 1353 657 1404; x_wconf 85' lang='lat' dir='ltr'>inquit,</span> <span class='ocrx_word' id='word_1_151' title='bbox 674 1358 693 1390; x_wconf 89' lang='lat' dir='ltr'>et</span> <span class='ocrx_word' id='word_1_152' title='bbox 707 1354 738 1392; x_wconf 80' lang='lat' dir='ltr'>vis</span> <span class='ocrx_word' id='word_1_153' title='bbox 755 1354 837 1404; x_wconf 90' lang='lat' dir='ltr'>spiritus</span> 
     </span>
     <span class='ocr_line' id='line_1_19' title="bbox 96 1420 838 1471; baseline 0.001 -12"><span class='ocrx_word' id='word_1_154' title='bbox 96 1421 165 1459; x_wconf 89' lang='lat' dir='ltr'>urbem</span> <span class='ocrx_word' id='word_1_155' title='bbox 178 1420 234 1471; x_wconf 82' lang='lat' dir='ltr'>quasi</span> <span class='ocrx_word' id='word_1_156' title='bbox 247 1427 371 1470; x_wconf 80' lang='lat' dir='ltr'>praesentem</span> <span class='ocrx_word' id='word_1_157' title='bbox 383 1422 453 1469; x_wconf 84' lang='lat' dir='ltr'>habet,</span> <span class='ocrx_word' id='word_1_158' title='bbox 466 1422 556 1471; x_wconf 78' lang='lat' dir='ltr'>adeoque</span> <span class='ocrx_word' id='word_1_159' title='bbox 566 1422 669 1459; x_wconf 86' lang='lat' dir='ltr'>nominare</span> <span class='ocrx_word' id='word_1_160' title='bbox 677 1434 720 1458; x_wconf 87' lang='lat' dir='ltr'>eam</span> <span class='ocrx_word' id='word_1_161' title='bbox 729 1434 769 1459; x_wconf 90' lang='lat' dir='ltr'>non</span> <span class='ocrx_word' id='word_1_162' title='bbox 777 1422 838 1460; x_wconf 87' lang='lat' dir='ltr'>habet</span> 
     </span>
     <span class='ocr_line' id='line_1_20' title="bbox 97 1488 837 1540; baseline 0.001 -14"><span class='ocrx_word' id='word_1_163' title='bbox 97 1491 228 1536; x_wconf 84' lang='lat' dir='ltr'>neeessnnr;“</span> <span class='ocrx_word' id='word_1_164' title='bbox 247 1488 320 1540; x_wconf 79' lang='lat' dir='ltr'>inquo</span> <span class='ocrx_word' id='word_1_165' title='bbox 333 1490 387 1540; x_wconf 82' lang='lat' dir='ltr'>quod</span> <span class='ocrx_word' id='word_1_166' title='bbox 398 1489 486 1540; x_wconf 78' lang='lat' dir='ltr'>neglexit</span> <span class='ocrx_word' id='word_1_167' title='bbox 496 1489 526 1537; x_wconf 86' lang='lat' dir='ltr'>ll,</span> <span class='ocrx_word' id='word_1_168' title='bbox 539 1492 560 1537; x_wconf 80' lang='lat' dir='ltr'>e,</span> <span class='ocrx_word' id='word_1_169' title='bbox 577 1489 691 1527; x_wconf 84' lang='lat' dir='ltr'>omittamus</span> <span class='ocrx_word' id='word_1_170' title='bbox 703 1501 764 1536; x_wconf 79' lang='lat' dir='ltr'>nun03</span> <span class='ocrx_word' id='word_1_171' title='bbox 781 1495 802 1527; x_wconf 88' lang='lat' dir='ltr'>at</span> <span class='ocrx_word' id='word_1_172' title='bbox 814 1503 837 1527; x_wconf 89' lang='lat' dir='ltr'>eo</span> 
     </span>
     <span class='ocr_line' id='line_1_21' title="bbox 97 1555 838 1608; baseline 0.001 -14"><span class='ocrx_word' id='word_1_173' title='bbox 97 1569 160 1608; x_wconf 79' lang='lat' dir='ltr'>usque</span> <span class='ocrx_word' id='word_1_174' title='bbox 171 1569 212 1595; x_wconf 90' lang='lat' dir='ltr'>non</span> <span class='ocrx_word' id='word_1_175' title='bbox 223 1556 343 1607; x_wconf 79' lang='lat' dir='ltr'>negligenda</span> <span class='ocrx_word' id='word_1_176' title='bbox 358 1564 410 1596; x_wconf 80' lang='lat' dir='ltr'>certe</span> <span class='ocrx_word' id='word_1_177' title='bbox 425 1562 468 1595; x_wconf 81' lang='lat' dir='ltr'>erat</span> <span class='ocrx_word' id='word_1_178' title='bbox 479 1555 566 1607; x_wconf 84' lang='lat' dir='ltr'>Spiritus</span> <span class='ocrx_word' id='word_1_179' title='bbox 578 1555 598 1596; x_wconf 83' lang='lat' dir='ltr'>S.</span> <span class='ocrx_word' id='word_1_180' title='bbox 611 1556 747 1606; x_wconf 89' lang='lat' dir='ltr'>providentia,</span> <span class='ocrx_word' id='word_1_181' title='bbox 764 1559 838 1608; x_wconf 85' lang='lat' dir='ltr'>qnippe</span> 
     </span>
     <span class='ocr_line' id='line_1_22' title="bbox 96 1623 838 1675; baseline 0 -12"><span class='ocrx_word' id='word_1_182' title='bbox 96 1637 148 1675; x_wconf 82' lang='lat' dir='ltr'>quae</span> <span class='ocrx_word' id='word_1_183' title='bbox 159 1637 200 1662; x_wconf 89' lang='lat' dir='ltr'>non</span> <span class='ocrx_word' id='word_1_184' title='bbox 211 1623 300 1663; x_wconf 87' lang='lat' dir='ltr'>Nahumi</span> <span class='ocrx_word' id='word_1_185' title='bbox 311 1625 376 1663; x_wconf 91' lang='lat' dir='ltr'>solum</span> <span class='ocrx_word' id='word_1_186' title='bbox 388 1624 423 1664; x_wconf 89' lang='lat' dir='ltr'>sed</span> <span class='ocrx_word' id='word_1_187' title='bbox 435 1624 526 1664; x_wconf 88' lang='lat' dir='ltr'>omnibns</span> <span class='ocrx_word' id='word_1_188' title='bbox 538 1624 644 1675; x_wconf 83' lang='lat' dir='ltr'>prospexit</span> <span class='ocrx_word' id='word_1_189' title='bbox 655 1624 789 1675; x_wconf 84' lang='lat' dir='ltr'>temporibus,</span> <span class='ocrx_word' id='word_1_190' title='bbox 802 1639 838 1664; x_wconf 85' lang='lat' dir='ltr'>nee</span> 
     </span>
     <span class='ocr_line' id='line_1_23' title="bbox 96 1692 838 1744; baseline 0.001 -14"><span class='ocrx_word' id='word_1_191' title='bbox 96 1693 182 1731; x_wconf 85' lang='lat' dir='ltr'>incertos</span> <span class='ocrx_word' id='word_1_192' title='bbox 193 1705 229 1743; x_wconf 89' lang='lat' dir='ltr'>per</span> <span class='ocrx_word' id='word_1_193' title='bbox 241 1693 280 1730; x_wconf 93' lang='lat' dir='ltr'>duo</span> <span class='ocrx_word' id='word_1_194' title='bbox 292 1693 423 1744; x_wconf 73' lang='lat' dir='ltr'>integralem</span> <span class='ocrx_word' id='word_1_195' title='bbox 435 1693 500 1743; x_wconf 82' lang='lat' dir='ltr'>capita</span> <span class='ocrx_word' id='word_1_196' title='bbox 511 1692 559 1732; x_wconf 89' lang='lat' dir='ltr'>sinit</span> <span class='ocrx_word' id='word_1_197' title='bbox 569 1693 654 1731; x_wconf 82' lang='lat' dir='ltr'>leetores</span> <span class='ocrx_word' id='word_1_198' title='bbox 666 1705 719 1741; x_wconf 85' lang='lat' dir='ltr'>esse,</span> <span class='ocrx_word' id='word_1_199' title='bbox 732 1706 838 1744; x_wconf 82' lang='lat' dir='ltr'>quemnam</span> 
     </span>
     <span class='ocr_line' id='line_1_24' title="bbox 95 1760 837 1812; baseline 0.001 -15"><span class='ocrx_word' id='word_1_200' title='bbox 95 1760 190 1810; x_wconf 77' lang='lat' dir='ltr'>respiciat</span> <span class='ocrx_word' id='word_1_201' title='bbox 200 1766 242 1798; x_wconf 86' lang='lat' dir='ltr'>tam</span> <span class='ocrx_word' id='word_1_202' title='bbox 254 1772 315 1811; x_wconf 80' lang='lat' dir='ltr'>graue</span> <span class='ocrx_word' id='word_1_203' title='bbox 326 1760 453 1809; x_wconf 71' lang='lat' dir='ltr'>vaticinium,</span> <span class='ocrx_word' id='word_1_204' title='bbox 470 1761 532 1798; x_wconf 84' lang='lat' dir='ltr'>donee</span> <span class='ocrx_word' id='word_1_205' title='bbox 549 1760 692 1810; x_wconf 85' lang='lat' dir='ltr'>praetereundo</span> <span class='ocrx_word' id='word_1_206' title='bbox 705 1760 763 1812; x_wconf 86' lang='lat' dir='ltr'>quasi</span> <span class='ocrx_word' id='word_1_207' title='bbox 774 1762 837 1806; x_wconf 89' lang='lat' dir='ltr'>nomi-</span> 
     </span>
     <span class='ocr_line' id='line_1_25' title="bbox 96 1827 836 1880; baseline 0.001 -14"><span class='ocrx_word' id='word_1_208' title='bbox 96 1833 163 1876; x_wconf 79' lang='lat' dir='ltr'>netur3</span> <span class='ocrx_word' id='word_1_209' title='bbox 175 1827 224 1866; x_wconf 91' lang='lat' dir='ltr'>nihil</span> <span class='ocrx_word' id='word_1_210' title='bbox 237 1833 267 1867; x_wconf 91' lang='lat' dir='ltr'>est</span> <span class='ocrx_word' id='word_1_211' title='bbox 278 1829 329 1867; x_wconf 91' lang='lat' dir='ltr'>enim</span> <span class='ocrx_word' id='word_1_212' title='bbox 341 1829 367 1867; x_wconf 87' lang='lat' dir='ltr'>ad</span> <span class='ocrx_word' id='word_1_213' title='bbox 378 1828 409 1877; x_wconf 87' lang='lat' dir='ltr'>H,</span> <span class='ocrx_word' id='word_1_214' title='bbox 422 1832 432 1866; x_wconf 76' lang='lat'>9</span> <span class='ocrx_word' id='word_1_215' title='bbox 444 1842 518 1880; x_wconf 84' lang='lat' dir='ltr'>nsque,</span> <span class='ocrx_word' id='word_1_216' title='bbox 531 1829 582 1866; x_wconf 88' lang='lat' dir='ltr'>unde</span> <span class='ocrx_word' id='word_1_217' title='bbox 593 1828 659 1878; x_wconf 86' lang='lat' dir='ltr'>possit</span> <span class='ocrx_word' id='word_1_218' title='bbox 667 1827 762 1876; x_wconf 85' lang='lat' dir='ltr'>divinari,</span> <span class='ocrx_word' id='word_1_219' title='bbox 776 1842 836 1879; x_wconf 83' lang='lat' dir='ltr'>quam</span> 
     </span>
     <span class='ocr_line' id='line_1_26' title="bbox 95 1895 837 1948; baseline 0.001 -14"><span class='ocrx_word' id='word_1_220' title='bbox 95 1901 184 1946; x_wconf 78' lang='lat' dir='ltr'>gentem,</span> <span class='ocrx_word' id='word_1_221' title='bbox 201 1909 260 1948; x_wconf 85' lang='lat' dir='ltr'>quam</span> <span class='ocrx_word' id='word_1_222' title='bbox 276 1897 346 1935; x_wconf 86' lang='lat' dir='ltr'>urbem</span> <span class='ocrx_word' id='word_1_223' title='bbox 360 1896 452 1947; x_wconf 82' lang='lat' dir='ltr'>indigitet</span> <span class='ocrx_word' id='word_1_224' title='bbox 462 1902 525 1935; x_wconf 75' lang='lat' dir='ltr'>rates.</span> <span class='ocrx_word' id='word_1_225' title='bbox 549 1895 583 1935; x_wconf 78' lang='lat' dir='ltr'>Sic</span> <span class='ocrx_word' id='word_1_226' title='bbox 597 1895 683 1946; x_wconf 84' lang='lat' dir='ltr'>primam</span> <span class='ocrx_word' id='word_1_227' title='bbox 697 1896 752 1934; x_wconf 88' lang='lat' dir='ltr'>illam</span> <span class='ocrx_word' id='word_1_228' title='bbox 767 1897 837 1935; x_wconf 86' lang='lat' dir='ltr'>inseri-</span> 
     </span>
     <span class='ocr_line' id='line_1_27' title="bbox 95 1963 837 2016; baseline 0.003 -16"><span class='ocrx_word' id='word_1_229' title='bbox 95 1964 171 2014; x_wconf 88' lang='lat' dir='ltr'>ptionis</span> <span class='ocrx_word' id='word_1_230' title='bbox 183 1970 267 2014; x_wconf 85' lang='lat' dir='ltr'>partem,</span> <span class='ocrx_word' id='word_1_231' title='bbox 280 1978 341 2016; x_wconf 81' lang='lat' dir='ltr'>qnam</span> <span class='ocrx_word' id='word_1_232' title='bbox 349 1965 437 2015; x_wconf 87' lang='lat' dir='ltr'>spuriam</span> <span class='ocrx_word' id='word_1_233' title='bbox 446 1977 489 2003; x_wconf 91' lang='lat' dir='ltr'>esse</span> <span class='ocrx_word' id='word_1_234' title='bbox 497 1963 550 2002; x_wconf 88' lang='lat' dir='ltr'>hand</span> <span class='ocrx_word' id='word_1_235' title='bbox 560 1964 619 2014; x_wconf 80' lang='lat' dir='ltr'>pauci</span> <span class='ocrx_word' id='word_1_236' title='bbox 629 1964 755 2012; x_wconf 80' lang='lat' dir='ltr'>contendunt,</span> <span class='ocrx_word' id='word_1_237' title='bbox 768 1971 837 2003; x_wconf 88' lang='lat' dir='ltr'>nostro</span> 
     </span>
     <span class='ocr_line' id='line_1_28' title="bbox 96 2032 837 2083; baseline 0 -13"><span class='ocrx_word' id='word_1_238' title='bbox 96 2044 155 2070; x_wconf 79' lang='lat' dir='ltr'>versu</span> <span class='ocrx_word' id='word_1_239' title='bbox 171 2034 254 2081; x_wconf 74' lang='lat' dir='ltr'>exposci</span> <span class='ocrx_word' id='word_1_240' title='bbox 269 2038 289 2070; x_wconf 92' lang='lat' dir='ltr'>et</span> <span class='ocrx_word' id='word_1_241' title='bbox 305 2032 392 2083; x_wconf 80' lang='lat' dir='ltr'>flagitari</span> <span class='ocrx_word' id='word_1_242' title='bbox 409 2038 498 2082; x_wconf 85' lang='lat' dir='ltr'>apparet.</span> <span class='ocrx_word' id='word_1_243' title='bbox 516 2054 541 2059; x_wconf 85' lang='lat'>—</span> <span class='ocrx_word' id='word_1_244' title='bbox 565 2032 703 2080; x_wconf 74' lang='lat' dir='ltr'>Quaerendum</span> <span class='ocrx_word' id='word_1_245' title='bbox 720 2037 751 2071; x_wconf 87' lang='lat' dir='ltr'>est</span> <span class='ocrx_word' id='word_1_246' title='bbox 765 2037 837 2081; x_wconf 84' lang='lat' dir='ltr'>autem,</span> 
     </span>
     <span class='ocr_line' id='line_1_29' title="bbox 96 2099 838 2151; baseline 0.001 -13"><span class='ocrx_word' id='word_1_247' title='bbox 96 2099 145 2150; x_wconf 83' lang='lat' dir='ltr'>quid</span> <span class='ocrx_word' id='word_1_248' title='bbox 156 2100 196 2139; x_wconf 88' lang='lat' dir='ltr'>sibi</span> <span class='ocrx_word' id='word_1_249' title='bbox 207 2100 255 2138; x_wconf 75' lang='lat' dir='ltr'>velit</span> <span class='ocrx_word' id='word_1_250' title='bbox 266 2100 336 2139; x_wconf 85' lang='lat' dir='ltr'>loeus</span> <span class='ocrx_word' id='word_1_251' title='bbox 347 2100 408 2148; x_wconf 85' lang='lat' dir='ltr'>Nini,</span> <span class='ocrx_word' id='word_1_252' title='bbox 426 2105 445 2138; x_wconf 87' lang='lat' dir='ltr'>et</span> <span class='ocrx_word' id='word_1_253' title='bbox 457 2100 557 2151; x_wconf 80' lang='lat' dir='ltr'>quomodo</span> <span class='ocrx_word' id='word_1_254' title='bbox 573 2100 695 2139; x_wconf 82' lang='lat' dir='ltr'>discernatur</span> <span class='ocrx_word' id='word_1_255' title='bbox 706 2100 757 2138; x_wconf 87' lang='lat' dir='ltr'>inter</span> <span class='ocrx_word' id='word_1_256' title='bbox 769 2101 838 2139; x_wconf 87' lang='lat' dir='ltr'>urbem</span> 
     </span>
     <span class='ocr_line' id='line_1_30' title="bbox 96 2167 837 2220; baseline 0.003 -15"><span class='ocrx_word' id='word_1_257' title='bbox 96 2173 116 2205; x_wconf 87' lang='lat' dir='ltr'>et</span> <span class='ocrx_word' id='word_1_258' title='bbox 130 2167 195 2205; x_wconf 87' lang='lat' dir='ltr'>looum</span> <span class='ocrx_word' id='word_1_259' title='bbox 212 2169 260 2206; x_wconf 90' lang='lat' dir='ltr'>eius.</span> <span class='ocrx_word' id='word_1_260' title='bbox 290 2167 395 2207; x_wconf 55' lang='lat' dir='ltr'>Crimisus</span> <span class='ocrx_word' id='word_1_261' title='bbox 411 2167 475 2207; x_wconf 89' lang='lat' dir='ltr'>solum</span> <span class='ocrx_word' id='word_1_262' title='bbox 490 2168 594 2219; x_wconf 81' lang='lat' dir='ltr'>intelligit,</span> <span class='ocrx_word' id='word_1_263' title='bbox 615 2181 635 2220; x_wconf 87' lang='lat' dir='ltr'>q.</span> <span class='ocrx_word' id='word_1_264' title='bbox 652 2168 671 2206; x_wconf 91' lang='lat' dir='ltr'>d.</span> <span class='ocrx_word' id='word_1_265' title='bbox 689 2181 744 2216; x_wconf 91' lang='lat' dir='ltr'>„non</span> <span class='ocrx_word' id='word_1_266' title='bbox 761 2175 837 2207; x_wconf 85' lang='lat' dir='ltr'>tantum</span> 
     </span>
     <span class='ocr_line' id='line_1_31' title="bbox 95 2234 838 2286; baseline 0.001 -13"><span class='ocrx_word' id='word_1_267' title='bbox 95 2241 160 2274; x_wconf 82' lang='lat' dir='ltr'>terrae</span> <span class='ocrx_word' id='word_1_268' title='bbox 172 2236 295 2286; x_wconf 80' lang='lat' dir='ltr'>superficiem</span> <span class='ocrx_word' id='word_1_269' title='bbox 307 2241 393 2284; x_wconf 80' lang='lat' dir='ltr'>evertet,</span> <span class='ocrx_word' id='word_1_270' title='bbox 406 2236 441 2275; x_wconf 86' lang='lat' dir='ltr'>sed</span> <span class='ocrx_word' id='word_1_271' title='bbox 454 2240 473 2274; x_wconf 93' lang='lat' dir='ltr'>et</span> <span class='ocrx_word' id='word_1_272' title='bbox 485 2236 550 2286; x_wconf 88' lang='lat' dir='ltr'>ipsum</span> <span class='ocrx_word' id='word_1_273' title='bbox 562 2237 651 2285; x_wconf 80' lang='lat' dir='ltr'>solum,“</span> <span class='ocrx_word' id='word_1_274' title='bbox 664 2237 693 2274; x_wconf 86' lang='lat' dir='ltr'>ita</span> <span class='ocrx_word' id='word_1_275' title='bbox 704 2241 727 2273; x_wconf 92' lang='lat' dir='ltr'>ut</span> <span class='ocrx_word' id='word_1_276' title='bbox 739 2234 838 2275; x_wconf 79' lang='lat' dir='ltr'>Sodomae</span> 
     </span>
    </p>
   </div>
   <div class='ocr_carea' id='block_1_3' title="bbox 95 2302 839 2627">
    <p class='ocr_par' dir='ltr' id='par_1_4' title="bbox 95 2302 839 2627">
     <span class='ocr_line' id='line_1_32' title="bbox 96 2302 838 2369; baseline 0 -28"><span class='ocrx_word' id='word_1_277' title='bbox 96 2309 115 2342; x_wconf 89' lang='lat' dir='ltr'>et</span> <span class='ocrx_word' id='word_1_278' title='bbox 127 2302 253 2342; x_wconf 82' lang='lat' dir='ltr'>Gomorrhae</span> <span class='ocrx_word' id='word_1_279' title='bbox 268 2304 376 2343; x_wconf 87' lang='lat' dir='ltr'>similitudo</span> <span class='ocrx_word' id='word_1_280' title='bbox 389 2309 485 2369; x_wconf 67' lang='lat' dir='ltr'>aeppetnr</span> <span class='ocrx_word' id='word_1_281' title='bbox 499 2327 524 2332; x_wconf 69' lang='lat'><em>-</em></span> <span class='ocrx_word' id='word_1_282' title='bbox 538 2305 559 2342; x_wconf 89' lang='lat' dir='ltr'>id</span> <span class='ocrx_word' id='word_1_283' title='bbox 575 2305 628 2355; x_wconf 80' lang='lat' dir='ltr'>quod</span> <span class='ocrx_word' id='word_1_284' title='bbox 646 2304 714 2342; x_wconf 87' lang='lat' dir='ltr'>durius</span> <span class='ocrx_word' id='word_1_285' title='bbox 731 2309 750 2341; x_wconf 88' lang='lat' dir='ltr'>et</span> <span class='ocrx_word' id='word_1_286' title='bbox 765 2304 838 2342; x_wconf 86' lang='lat' dir='ltr'>dietum</span> 
     </span>
     <span class='ocr_line' id='line_1_33' title="bbox 96 2371 839 2423; baseline 0.001 -14"><span class='ocrx_word' id='word_1_287' title='bbox 96 2377 116 2410; x_wconf 91' lang='lat' dir='ltr'>et</span> <span class='ocrx_word' id='word_1_288' title='bbox 128 2371 235 2422; x_wconf 80' lang='lat' dir='ltr'>cogitatum</span> <span class='ocrx_word' id='word_1_289' title='bbox 248 2378 283 2411; x_wconf 87' lang='lat' dir='ltr'>est.</span> <span class='ocrx_word' id='word_1_290' title='bbox 313 2371 381 2412; x_wconf 81' lang='lat' dir='ltr'>Satius</span> <span class='ocrx_word' id='word_1_291' title='bbox 393 2377 424 2411; x_wconf 89' lang='lat' dir='ltr'>est</span> <span class='ocrx_word' id='word_1_292' title='bbox 436 2372 491 2423; x_wconf 87' lang='lat' dir='ltr'>sequi</span> <span class='ocrx_word' id='word_1_293' title='bbox 502 2372 640 2421; x_wconf 75' lang='lat' dir='ltr'>Tnnnomunr,</span> <span class='ocrx_word' id='word_1_294' title='bbox 657 2372 707 2410; x_wconf 91' lang='lat' dir='ltr'>bene</span> <span class='ocrx_word' id='word_1_295' title='bbox 716 2377 839 2410; x_wconf 88' lang='lat' dir='ltr'>monentem:</span> 
     </span>
     <span class='ocr_line' id='line_1_34' title="bbox 96 2439 839 2490; baseline 0.001 -13"><span class='ocrx_word' id='word_1_296' title='bbox 96 2439 167 2487; x_wconf 82' lang='lat' dir='ltr'>„Nota</span> <span class='ocrx_word' id='word_1_297' title='bbox 179 2440 234 2490; x_wconf 83' lang='lat' dir='ltr'>quod</span> <span class='ocrx_word' id='word_1_298' title='bbox 245 2440 266 2478; x_wconf 88' lang='lat' dir='ltr'>in</span> <span class='ocrx_word' id='word_1_299' title='bbox 278 2452 294 2478; x_wconf 88' lang='lat' dir='ltr'>s.</span> <span class='ocrx_word' id='word_1_300' title='bbox 307 2453 323 2478; x_wconf 90' lang='lat' dir='ltr'>s.</span> <span class='ocrx_word' id='word_1_301' title='bbox 336 2453 395 2490; x_wconf 89' lang='lat' dir='ltr'>saepe</span> <span class='ocrx_word' id='word_1_302' title='bbox 406 2441 436 2478; x_wconf 88' lang='lat' dir='ltr'>rei</span> <span class='ocrx_word' id='word_1_303' title='bbox 447 2440 529 2479; x_wconf 86' lang='lat' dir='ltr'>alienius</span> <span class='ocrx_word' id='word_1_304' title='bbox 544 2440 601 2479; x_wconf 87' lang='lat' dir='ltr'>loeus</span> <span class='ocrx_word' id='word_1_305' title='bbox 616 2439 681 2490; x_wconf 84' lang='lat' dir='ltr'>perire</span> <span class='ocrx_word' id='word_1_306' title='bbox 697 2439 778 2488; x_wconf 84' lang='lat' dir='ltr'>dieitur,</span> <span class='ocrx_word' id='word_1_307' title='bbox 795 2453 839 2479; x_wconf 87' lang='lat' dir='ltr'>oum</span> 
     </span>
     <span class='ocr_line' id='line_1_35' title="bbox 95 2507 839 2558; baseline 0.003 -14"><span class='ocrx_word' id='word_1_308' title='bbox 95 2508 140 2557; x_wconf 87' lang='lat' dir='ltr'>ipsa</span> <span class='ocrx_word' id='word_1_309' title='bbox 151 2508 203 2557; x_wconf 88' lang='lat' dir='ltr'>perit</span> <span class='ocrx_word' id='word_1_310' title='bbox 215 2508 250 2546; x_wconf 78' lang='lat' dir='ltr'>eir.</span> <span class='ocrx_word' id='word_1_311' title='bbox 262 2507 316 2545; x_wconf 83' lang='lat' dir='ltr'>Dan.</span> <span class='ocrx_word' id='word_1_312' title='bbox 326 2508 356 2556; x_wconf 87' lang='lat' dir='ltr'>ll,</span> <span class='ocrx_word' id='word_1_313' title='bbox 370 2510 401 2556; x_wconf 77' lang='lat'>353</span> <span class='ocrx_word' id='word_1_314' title='bbox 417 2509 482 2558; x_wconf 85' lang='lat' dir='ltr'>Apoe.</span> <span class='ocrx_word' id='word_1_315' title='bbox 492 2507 544 2556; x_wconf 88' lang='lat' dir='ltr'>XH,</span> <span class='ocrx_word' id='word_1_316' title='bbox 557 2510 578 2556; x_wconf 67' lang='grc' dir='ltr'>ὃς</span> <span class='ocrx_word' id='word_1_317' title='bbox 594 2507 647 2555; x_wconf 86' lang='lat' dir='ltr'>XX,</span> <span class='ocrx_word' id='word_1_318' title='bbox 661 2510 711 2555; x_wconf 82' lang='lat' dir='ltr'>ll;“</span> <span class='ocrx_word' id='word_1_319' title='bbox 729 2508 758 2547; x_wconf 84' lang='lat' dir='ltr'>sie</span> <span class='ocrx_word' id='word_1_320' title='bbox 770 2507 839 2557; x_wconf 71' lang='lat' dir='ltr'>Hrrz,</span> 
     </span>
     <span class='ocr_line' id='line_1_36' title="bbox 95 2575 839 2627; baseline 0.001 -14"><span class='ocrx_word' id='word_1_321' title='bbox 95 2576 164 2613; x_wconf 64' lang='lat' dir='ltr'>blame.</span> <span class='ocrx_word' id='word_1_322' title='bbox 176 2576 242 2625; x_wconf 91' lang='lat' dir='ltr'>ipsam</span> <span class='ocrx_word' id='word_1_323' title='bbox 254 2576 323 2614; x_wconf 90' lang='lat' dir='ltr'>urbem</span> <span class='ocrx_word' id='word_1_324' title='bbox 334 2576 458 2626; x_wconf 80' lang='lat' dir='ltr'>intelligunt,</span> <span class='ocrx_word' id='word_1_325' title='bbox 473 2577 533 2627; x_wconf 83' lang='lat' dir='ltr'>idque</span> <span class='ocrx_word' id='word_1_326' title='bbox 544 2581 607 2624; x_wconf 85' lang='lat' dir='ltr'>recte,</span> <span class='ocrx_word' id='word_1_327' title='bbox 623 2589 669 2613; x_wconf 86' lang='lat' dir='ltr'>nam</span> <span class='ocrx_word' id='word_1_328' title='bbox 681 2575 699 2615; x_wconf 90' lang='lat' dir='ltr'>si</span> <span class='ocrx_word' id='word_1_329' title='bbox 710 2589 780 2615; x_wconf 82' lang='lat' dir='ltr'>eversa</span> <span class='ocrx_word' id='word_1_330' title='bbox 791 2576 839 2615; x_wconf 87' lang='lat' dir='ltr'>urbs</span> 
     </span>
    </p>
   </div>
   <div class='ocr_carea' id='block_1_4' title="bbox 95 2643 839 2899">
    <p class='ocr_par' dir='ltr' id='par_1_5' title="bbox 95 2643 839 2899">
     <span class='ocr_line' id='line_1_37' title="bbox 96 2643 839 2695; baseline 0.001 -14"><span class='ocrx_word' id='word_1_331' title='bbox 96 2648 137 2691; x_wconf 83' lang='lat' dir='ltr'>est,</span> <span class='ocrx_word' id='word_1_332' title='bbox 150 2643 205 2682; x_wconf 86' lang='lat' dir='ltr'>loeus</span> <span class='ocrx_word' id='word_1_333' title='bbox 217 2644 256 2682; x_wconf 85' lang='lat' dir='ltr'>iam</span> <span class='ocrx_word' id='word_1_334' title='bbox 269 2657 309 2682; x_wconf 88' lang='lat' dir='ltr'>non</span> <span class='ocrx_word' id='word_1_335' title='bbox 321 2644 379 2682; x_wconf 83' lang='lat' dir='ltr'>liuins</span> <span class='ocrx_word' id='word_1_336' title='bbox 392 2645 447 2683; x_wconf 89' lang='lat' dir='ltr'>urbis</span> <span class='ocrx_word' id='word_1_337' title='bbox 460 2649 499 2692; x_wconf 87' lang='lat' dir='ltr'>est,</span> <span class='ocrx_word' id='word_1_338' title='bbox 513 2644 548 2683; x_wconf 84' lang='lat' dir='ltr'>sed</span> <span class='ocrx_word' id='word_1_339' title='bbox 559 2643 611 2683; x_wconf 88' lang='lat' dir='ltr'>alius</span> <span class='ocrx_word' id='word_1_340' title='bbox 619 2644 651 2683; x_wconf 90' lang='lat' dir='ltr'>vel</span> <span class='ocrx_word' id='word_1_341' title='bbox 659 2644 742 2691; x_wconf 87' lang='lat' dir='ltr'>nullius;</span> <span class='ocrx_word' id='word_1_342' title='bbox 755 2644 775 2682; x_wconf 88' lang='lat' dir='ltr'>id</span> <span class='ocrx_word' id='word_1_343' title='bbox 785 2644 839 2695; x_wconf 82' lang='lat' dir='ltr'>quod</span> 
     </span>
     <span class='ocr_line' id='line_1_38' title="bbox 96 2711 839 2763; baseline -0.001 -14"><span class='ocrx_word' id='word_1_344' title='bbox 96 2711 121 2749; x_wconf 83' lang='lat' dir='ltr'>ad</span> <span class='ocrx_word' id='word_1_345' title='bbox 143 2713 260 2750; x_wconf 76' lang='lat' dir='ltr'>sententiani</span> <span class='ocrx_word' id='word_1_346' title='bbox 276 2713 317 2750; x_wconf 86' lang='lat' dir='ltr'>fere</span> <span class='ocrx_word' id='word_1_347' title='bbox 336 2712 388 2750; x_wconf 81' lang='lat' dir='ltr'>redit</span> <span class='ocrx_word' id='word_1_348' title='bbox 403 2712 507 2759; x_wconf 69' lang='lat' dir='ltr'>itinero,</span> <span class='ocrx_word' id='word_1_349' title='bbox 529 2712 563 2763; x_wconf 81' lang='lat' dir='ltr'>qni</span> <span class='ocrx_word' id='word_1_350' title='bbox 581 2712 656 2750; x_wconf 78' lang='lat' dir='ltr'>confert</span> <span class='ocrx_word' id='word_1_351' title='bbox 672 2712 749 2750; x_wconf 85' lang='lat' dir='ltr'>dicendi</span> <span class='ocrx_word' id='word_1_352' title='bbox 768 2725 839 2763; x_wconf 77' lang='lat' dir='ltr'>genus:</span> 
     </span>
     <span class='ocr_line' id='line_1_39' title="bbox 96 2779 839 2829; baseline 0 -12"><span class='ocrx_word' id='word_1_353' title='bbox 96 2780 151 2818; x_wconf 83' lang='lat' dir='ltr'>loeus</span> <span class='ocrx_word' id='word_1_354' title='bbox 164 2779 205 2818; x_wconf 86' lang='lat' dir='ltr'>eius</span> <span class='ocrx_word' id='word_1_355' title='bbox 217 2793 257 2818; x_wconf 88' lang='lat' dir='ltr'>non</span> <span class='ocrx_word' id='word_1_356' title='bbox 270 2781 308 2818; x_wconf 81' lang='lat' dir='ltr'>ianr</span> <span class='ocrx_word' id='word_1_357' title='bbox 321 2781 377 2819; x_wconf 75' lang='lat' dir='ltr'>norit</span> <span class='ocrx_word' id='word_1_358' title='bbox 389 2794 432 2818; x_wconf 84' lang='lat' dir='ltr'>eum</span> <span class='ocrx_word' id='word_1_359' title='bbox 445 2780 487 2818; x_wconf 91' lang='lat' dir='ltr'>lob.</span> <span class='ocrx_word' id='word_1_360' title='bbox 497 2779 547 2829; x_wconf 84' lang='lat' dir='ltr'>Vll,</span> <span class='ocrx_word' id='word_1_361' title='bbox 561 2781 666 2829; x_wconf 72' lang='lat' dir='ltr'>103VHI,</span> <span class='ocrx_word' id='word_1_362' title='bbox 680 2783 711 2827; x_wconf 70' lang='lat'>185</span> <span class='ocrx_word' id='word_1_363' title='bbox 723 2780 773 2827; x_wconf 87' lang='lat' dir='ltr'>XX,</span> <span class='ocrx_word' id='word_1_364' title='bbox 786 2783 802 2817; x_wconf 71' lang='lat' dir='ltr'>a.</span> <span class='ocrx_word' id='word_1_365' title='bbox 815 2803 839 2808; x_wconf 70' lang='lat'>—</span> 
     </span>
     <span class='ocr_line' id='line_1_40' title="bbox 95 2846 839 2899; baseline 0.003 -14"><span class='ocrx_word' id='word_1_366' title='bbox 95 2846 172 2886; x_wconf 81' lang='lat' dir='ltr'>Nostra</span> <span class='ocrx_word' id='word_1_367' title='bbox 184 2848 249 2888; x_wconf 69' lang='lat' dir='ltr'>versio</span> <span class='ocrx_word' id='word_1_368' title='bbox 262 2862 273 2887; x_wconf 86' lang='lat' dir='ltr'>e</span> <span class='ocrx_word' id='word_1_369' title='bbox 285 2848 384 2888; x_wconf 71' lang='lat' dir='ltr'>veteribus</span> <span class='ocrx_word' id='word_1_370' title='bbox 397 2849 437 2888; x_wconf 79' lang='lat' dir='ltr'>fere</span> <span class='ocrx_word' id='word_1_371' title='bbox 449 2848 502 2899; x_wconf 86' lang='lat' dir='ltr'>apud</span> <span class='ocrx_word' id='word_1_372' title='bbox 519 2848 583 2888; x_wconf 84' lang='lat' dir='ltr'>solnm</span> <span class='ocrx_word' id='word_1_373' title='bbox 594 2848 685 2888; x_wconf 74' lang='lat' dir='ltr'>llinnon.</span> <span class='ocrx_word' id='word_1_374' title='bbox 699 2854 718 2886; x_wconf 86' lang='lat' dir='ltr'>et</span> <span class='ocrx_word' id='word_1_375' title='bbox 731 2846 796 2886; x_wconf 73' lang='lat' dir='ltr'>Sinin.</span> <span class='ocrx_word' id='word_1_376' title='bbox 809 2862 839 2887; x_wconf 82' lang='lat' dir='ltr'>re-</span> 
     </span>
    </p>
   </div>
   <div class='ocr_carea' id='block_1_5' title="bbox 0 0 952 3264">
    <p class='ocr_par' dir='ltr' id='par_1_6' title="bbox 0 0 952 3264">
     <span class='ocr_line' id='line_1_41' title="bbox 0 0 952 3264; baseline 0 0"><span class='ocrx_word' id='word_1_377' title='bbox 0 0 952 3264; x_wconf 95' lang='lat' dir='ltr'> </span> 
     </span>
    </p>
   </div>
  </div>
 </body>
</html>
