1889 3264
384 182 433 222 Can.
442 183 462 230 I,
475 195 494 220 v.
505 186 532 220 ll.
801 175 831 221 35

89 311 110 348 iu
127 309 190 347 altero
206 308 294 347 membro
313 321 333 346 v.
349 310 370 345 1⁴2
391 307 416 345 ad
431 305 526 345 Israelem
545 305 588 344 sine
607 306 668 344 dubio
684 306 755 344 attinet
770 315 833 355 'qnam

89 378 149 426 'navet
164 372 201 426 s't,
219 383 239 415 et
254 376 332 427 reliqua
349 374 394 414 suff.
406 374 453 412 fem.
465 387 484 411 v.
496 375 528 421 135
545 374 579 412 sed
594 387 613 412 v.
624 377 646 413 14
663 387 688 413 ex
704 373 772 413 vivido
789 386 834 411 ora-

91 444 150 483 tionis
163 457 234 494 genere
246 445 282 483 sub
295 444 359 481 altera
370 454 458 492 persona
469 440 570 490 cogitandi
584 442 653 481 hostes
665 447 733 489 erunt,
749 442 835 493 ideoque

90 512 116 550 ad
127 514 235 551 notandam
246 512 309 550 vicem
321 510 387 560 primo
399 509 444 547 loco
457 508 550 548 scribitur
563 503 625 559 :trba
640 519 700 556 nisu
712 510 766 547 haud
778 521 834 548 secus

89 580 111 618 iu
125 586 194 619 nostro
210 592 270 618 versu
284 588 338 628 aba,
358 577 379 615 In
395 577 464 615 limine
479 576 586 627 scriptum,
608 575 724 625 oppositum
740 590 784 616 esse
799 590 835 627 ap-

90 653 148 699 paret
163 645 331 685 antecedentibus.
361 645 455 693 Accedit,
472 645 527 696 quod
543 658 559 683 e.
569 643 599 691 II,
614 646 622 681 l
639 643 690 682 Inda
705 644 773 683 statim
791 657 835 682 cnm

91 715 136 754 suff.
148 715 193 752 fem.
206 718 223 752 2.
233 726 285 763 pers.
302 726 372 752 rursus
388 712 512 763 appellatum
529 725 566 751 nec
582 711 692 750 omittenda
711 717 741 751 est
756 712 836 763 placida

91 788 111 821 et
129 781 239 832 tranquilla
259 781 348 832 rhythmi
369 781 432 828 ratio,
456 780 548 831 rapidam
568 779 744 832 vehementemque
765 792 836 819 versus

92 849 225 888 antecedentis
241 862 344 887 numerum
360 854 438 896 secuta3
455 861 496 899 qua
511 848 618 886 secundum
630 860 650 885 v.
659 848 683 885 5ti
698 853 717 886 et
729 849 752 887 ssffl
766 848 836 887 simili-

92 917 180 955 tndinem
193 916 261 955 eadem
277 916 419 955 sententiarum
435 916 584 954 commendatur
596 914 719 954 vicissitudo.
749 924 788 954 att*
803 928 837 954 eo-

92 985 137 1023 dem
156 997 215 1023 sensu
231 985 256 1022 de
270 984 374 1032 hostibus,
395 990 469 1022 terram
484 996 507 1021 eo
527 995 590 1034 usque
606 982 775 1033 opprimentibus,
796 983 837 1022 iam

91 1064 139 1091 vero
154 1051 291 1091 recedentibus
308 1051 381 1102 legitur
396 1051 434 1091 Ies.
444 1051 524 1100 XLIX,
539 1054 560 1089 17
575 1050 620 1101 (cfr.
634 1049 713 1089 Gnsun.
729 1064 800 1092 comm.
817 1064 836 1089 a.

91 1121 111 1158 h.
123 1120 137 1157 l.
150 1125 220 1158 contra
231 1119 353 1158 Vrrmuonrr
364 1120 520 1170 disputantem),
532 1120 568 1158 cfr.
580 1119 619 1159 Ier.
628 1118 710 1168 XLIII,
723 1122 755 1167 123
767 1119 795 1167 X,
807 1122 836 1157 20.

92 1187 209 1236 Praeteriti,
231 1188 282 1226 sicut
296 1185 336 1228 'aare
352 1201 371 1226 v.
385 1190 416 1236 10,
432 1187 550 1238 prophetica
565 1192 596 1225 cst
615 1186 678 1235 ratic,
700 1200 762 1238 quare
776 1186 838 1225 LXX

93 1247 240 1302 ἐξελεύσεται.
270 1257 338 1307 Atque
358 1255 411 1293 hunc
427 1254 507 1306 quidem
524 1254 656 1305 Assyriorum
676 1260 777 1305 receptum
797 1266 838 1292 non

93 1322 239 1371 dubitaremus,
252 1323 301 1374 quin
311 1323 395 1373 proprio
408 1335 467 1362 sensu
476 1323 550 1360 dictum
558 1334 602 1361 esse
611 1327 752 1370 statueremus,
765 1322 783 1361 si
790 1335 837 1372 pro-

93 1390 137 1429 bari
157 1390 221 1440 magis
237 1395 307 1441 posset
324 1389 411 1429 Smnnn
432 1390 510 1440 opinio,
530 1403 555 1428 ex
572 1403 612 1441 qua
628 1390 729 1429 Manassis
748 1395 839 1440 tempore

93 1458 174 1508 Assyrii
189 1458 210 1496 iu
227 1459 311 1497 urbibus
322 1457 478 1497 Philistaeorum
493 1458 590 1497 stationes
606 1457 723 1497 habuissent
733 1458 837 1506 militares,

94 1539 146 1577 quae
168 1526 189 1563 iu
211 1525 307 1564 Iudaeam
330 1538 410 1577 quoque
436 1526 475 1564 huc
497 1526 545 1563 illuc
567 1530 652 1576 vagatae
674 1525 783 1565 Manassen
807 1539 838 1564 ce-

80 1593 171 1644 pissent
182 1592 232 1644 <quo
249 1593 319 1632 referri
336 1593 396 1632 etiam
411 1599 490 1644 posset,
507 1594 562 1644 quod
576 1606 613 1631 rex
624 1593 731 1644 Babylone
744 1605 838 1632 reversus

94 1661 176 1700 castella
192 1673 229 1700 sua
241 1661 361 1700 communire
371 1660 450 1712 valuit).
468 1660 543 1699 Verum
555 1661 650 1712 quoniam
658 1662 710 1699 hanc
719 1662 838 1700 sententiam

94 1729 247 1779 improbandam
258 1728 343 1768 vidimus
354 1728 376 1766 in
387 1728 458 1779 proli,
474 1728 503 1766 ita
518 1729 571 1766 bunc
587 1733 688 1780 receptum
699 1729 839 1779 interpretabi-

94 1809 149 1845 mur,
166 1802 189 1834 ut
199 1796 294 1845 Iudaeos,
308 1797 333 1835 ab
345 1796 422 1835 Achasi
433 1802 523 1847 tempore
535 1796 607 1834 ditioni
623 1809 692 1835 eorum
708 1803 727 1835 et
742 1796 840 1847 potestati

94 1864 159 1914 magis
171 1863 262 1903 minusve
274 1864 385 1912 obnoxios,
400 1864 441 1902 lam
453 1876 536 1914 prorsus
553 1864 579 1902 ab
591 1863 616 1902 iis
628 1864 726 1903 vindicari
737 1865 840 1903 existime-

95 1944 150 1980 mus,
165 1944 202 1970 nec
217 1931 258 1970 iam
274 1932 394 1971 exercitibus
411 1944 480 1969 eornm
494 1931 575 1979 vexar13
594 1931 629 1970 cfr.
645 1932 676 1980 H,
694 1936 711 1971 1.
729 1935 757 1970 14.
787 1932 841 1970 Illud

95 2005 162 2038 tamen
174 2012 200 2037 ex
211 2000 242 2038 his
254 2000 321 2039 verbis
333 2005 387 2038 certo
403 1999 541 2050 consequitur,
561 2011 605 2037 oum
620 1999 716 2038 scriberet
726 1999 840 2048 Nahumus,

96 2080 137 2106 non
153 2067 218 2119 solnm
235 2067 343 2106 timendum
359 2067 418 2105 etiam
434 2067 513 2106 Iudaeis
530 2066 592 2106 fuisse
608 2068 633 2105 ab
650 2068 753 2118 Assyriis,
771 2081 841 2106 verum

96 2134 157 2173 ctiam
169 2148 192 2172 ea
204 2147 248 2173 oum
260 2135 285 2173 iis
298 2141 402 2173 contentos
414 2135 570 2182 necessitudine,
589 2148 640 2186 quae
656 2135 753 2174 ditionem
769 2141 789 2174 et
801 2148 841 2174 ser-

97 2202 179 2251 vitutem
192 2203 339 2253 quodammodo
351 2203 492 2254 aequipararet
503 2226 528 2231 -
539 2203 560 2241 id
573 2203 627 2254 quod
638 2203 659 2241 in
671 2204 724 2254 regis
737 2203 842 2254 captivita-

97 2277 137 2309 tem
149 2271 227 2321 egregie
239 2270 330 2321 quadrat.

130 2339 230 2389 Egressus
248 2344 278 2377 est
294 2344 360 2377 autem
372 2351 383 2376 e
395 2338 470 2376 Iudaea
485 2340 510 2384 is,
529 2340 561 2388 qut
578 2340 667 2388 coyttaott
680 2350 764 2388 prauum
776 2346 843 2378 aratra

98 2407 207 2444 Dominum.
242 2406 275 2445 De
290 2418 381 2447 varran
397 2411 416 2444 et
430 2402 459 2447 'tn
473 2406 509 2444 cfr.
527 2407 553 2444 ad
568 2409 621 2445 vv.S
641 2411 661 2444 et
681 2409 698 2443 9.
730 2418 773 2449 nrm
797 2421 844 2458 pro·

98 2473 173 2512 miscue
188 2474 277 2524 positum
293 2488 337 2514 cum
349 2484 387 2523 yn,
404 2487 499 2524 pravum,
516 2474 590 2513 malum
606 2479 675 2521 notat,
690 2474 726 2512 cfr.
739 2475 803 2514 slmile
815 2475 845 2513 di-

99 2541 155 2579 cendi
173 2554 235 2591 genus
251 2553 301 2583 *nau
316 2552 371 2582 aaran
386 2542 421 2581 Ps.
430 2541 521 2591 XXXV,
533 2545 551 2581 4.
577 2542 646 2581 Verba
660 2542 732 2581 haecce
747 2543 773 2581 ad
789 2542 845 2582 Rab-

100 2608 156 2648 sakis
167 2608 275 2648 insolentes
288 2614 308 2647 et
319 2615 397 2649 atroces
409 2610 528 2649 iactationes
539 2610 620 2660 plurimi
632 2610 731 2658 referunt3
747 2615 769 2649 at
779 2612 845 2662 primo

99 2677 144 2715 loco
160 2676 209 2714 haec
225 2689 267 2714 vox
282 2683 339 2727 patet
353 2678 424 2726 latius,
442 2677 513 2716 deinde
528 2678 570 2729 agit
586 2683 643 2716 vates
661 2677 686 2715 de
701 2678 775 2717 Iudicio
791 2679 846 2718 finali

100 2757 215 2795 supeream
227 2750 316 2794 gentem,
333 2759 384 2796 quae
399 2746 475 2784 tamdiu
487 2745 581 2785 Israelem
598 2745 656 2798 quasi
668 2745 780 2786 calcaverat
791 2747 846 2797 pedi-

100 2813 148 2860 bus3
160 2825 238 2851 ornnem
248 2824 295 2864 ergo
305 2813 436 2863 Assyriorum
445 2813 582 2880 inimicitiam,
594 2813 670 2865 populo
683 2813 715 2852 dei
723 2820 784 2867 atque
795 2815 846 2855 adeo

680 2886 705 2918 3ss
