1889 3264
311 167 328 217 ξ.
341 171 357 205 2.
377 166 410 205 Du
424 177 509 204 ommam
521 163 617 203 Nnuunr.
823 174 837 199 v

92 289 201 340 (Asana),
214 283 245 329 vei
258 291 317 329 etiam
329 305 342 329 a
353 290 448 329 tarditate
459 288 557 325 vindictae
569 287 623 339 (all.)
634 310 659 315 -
671 286 731 338 longe
739 286 836 336 plurimo-

92 370 136 394 rum
153 364 193 395 tam
212 359 331 396 nostratium
348 370 408 408 quam
426 359 515 395 veterum
532 368 563 393 vv.
577 355 609 393 dd.
626 354 725 393 sublevati
737 367 837 393 consensu

93 425 196 475 (equibus
209 439 227 465 v.
241 439 256 463 c.
270 425 371 463 afferimus
382 424 408 461 R.
421 423 552 463 erroneum
563 422 648 470 Inncrn,
666 423 700 472 qui
716 422 836 460 affirmavit:

92 503 138 535 tw
152 497 184 532 nni
201 503 238 531 nm
253 488 320 543 ’ρ’ῆκ),
337 491 441 529 confestim
459 489 485 527 ad
501 489 640 540 gravissimam
659 490 796 539 quaestionem
812 490 837 527 de

95 559 134 598 situ
145 560 212 599 Elcesi
223 558 365 596 instituendam
376 567 507 597 transeamus.

128 626 206 681 Nostra
217 627 313 664 memoria
324 626 344 664 in
356 627 405 665 duas
424 625 504 664 omnino
520 630 588 675 partes
606 624 697 662 abierunt
711 624 836 674 interpretes.

94 694 136 732 Alii
151 694 206 744 iique
222 699 241 731 et
256 692 316 744 longe
331 694 412 744 plurimi
432 700 451 731 et
472 691 613 731 vetustissimis
635 691 697 729 adiuti
718 692 837 731 testimoniis

93 762 159 798 locum
174 761 195 799 in
210 766 264 798 terra
280 773 338 799 sacra
354 762 488 812 quaerendum
503 759 629 807 existimant,
651 758 685 797 alii
705 759 725 797 in
743 759 836 810 Assyria,

93 829 146 866 haud
158 828 265 879 proculab
281 829 326 879 ipsa
337 829 403 876 Nin0;
420 829 445 867 ab
460 828 498 866 hac
513 832 570 877 parte
586 827 718 865 constiterunt
729 827 837 865 Erannos-

94 907 141 934 ruus
153 896 229 934 intr-od.
242 896 259 945 ξ.
269 898 313 944 385,
325 897 341 934 Ι.
354 897 380 935 D.
393 896 521 943 anAnnrs,
535 893 655 942 Gnrnmus,
671 893 758 944 Hnrznn
769 894 837 933 Bibei-

95 964 150 1001 wer-k
159 964 205 1011 VII,
215 976 233 1012 p.
244 965 283 1011 1ῖ5,
294 965 411 1011 Eversum,
422 963 503 1001 Rmrnn
511 962 621 1000 Erdkunde
630 962 669 999 voi.
679 960 717 1009 IX,
730 974 749 1011 p.
759 965 792 1000 742
802 975 836 1009 ss,

94 1030 188 1069 Tucnrus
201 1043 271 1068 comm.
284 1031 309 1069 de
320 1031 374 1069 Nino
387 1031 445 1079 urbe,
458 1030 544 1068 Lnrnnn
557 1029 648 1067 Nineveh
659 1042 679 1079 p,
691 1031 722 1067 125
735 1042 762 1067 ss.
792 1031 837 1078 Age

94 1097 197 1148 utriusque
208 1097 337 1136 fundamenta
348 1108 368 1137 et
379 1104 496 1148 argumenta
507 1097 644 1136 examinemus
656 1095 776 1146 diligentius.

127 1165 143 1203 I.
161 1165 251 1204 Eikosch
268 1166 329 1205 fuisse
347 1166 371 1204 in
386 1166 539 1204 Palaestina
555 1165 614 1203 situm
632 1165 651 1215 1)
667 1164 732 1213 primo
748 1165 793 1203 Ioco
810 1178 835 1202 ex

94 1232 213 1283 antiquitate
230 1233 388 1271 testimoniorum
402 1238 464 1283 patet.
482 1232 575 1271 Tradidit
592 1232 645 1269 enim
659 1231 800 1271 Hmnonunus
815 1232 836 1269 in

94 1312 186 1350 prooem:
200 1330 223 1348 „.
233 1330 238 1338 .
248 1329 252 1338 .
263 1329 268 1338 .
281 1314 325 1339 cum
334 1301 439 1339 Heicesaei
450 1299 493 1350 (all.
505 1299 609 1347 Helcesei,
619 1298 694 1349 Elcesi)
704 1312 767 1349 usque
777 1299 837 1337 hodie

94 1368 119 1404 in
136 1367 255 1406 Galilaea
271 1368 372 1407 viculus
388 1368 431 1415 sit,
451 1380 525 1417 parvus
538 1368 618 1417 quidem
630 1373 650 1404 et
661 1366 696 1403 vix
708 1367 771 1405 ruinis
783 1372 837 1405 vete-

94 1448 138 1472 rum
153 1434 288 1474 aedificiorum
304 1436 394 1474 indicans
406 1435 501 1485 vestigia,
518 1435 553 1473 sed
568 1440 634 1473 tamen
646 1439 720 1472 notus
732 1433 837 1472 Iudaeis

94 1502 184 1540 etmihi
200 1516 280 1553 quoque
291 1517 303 1541 a
315 1503 470 1541 circumducente
486 1504 663 1541 monstratus“
672 1500 684 1539 ¹.
703 1500 763 1550 Quod
781 1502 836 1540 testi-

94 1571 182 1608 monium
194 1571 235 1610 eius
246 1570 296 1619 viri,
310 1571 344 1621 qui
355 1571 375 1608 in
387 1570 433 1619 ipsa
441 1576 495 1608 terra
504 1583 561 1609 sacra
569 1570 660 1618 vivebat,
673 1567 760 1607 Guium
767 1571 836 1607 Arar.

94 1640 222 1676 confirmatur
238 1639 314 1686 verbis,
331 1639 366 1688 qui
383 1638 452 1675 eodem
467 1638 509 1676 fere
524 1643 614 1687 tempore
626 1638 650 1675 de
661 1649 680 1674 v.
691 1626 786 1677 Ἕλκεσέ·
801 1637 837 1674 do-

94 1705 144 1744 cuit:
158 1697 238 1759 „aedan
259 1700 284 1744 δὲ
303 1698 359 1758 αὕτη
378 1698 467 1751 πάντως
482 1717 527 1744 που
545 1703 585 1758 τῆς
601 1697 721 1743 Ἰουδαίων
739 1697 837 1759 χώρας.“

95 1772 140 1820 Quo
152 1772 254 1812 addendus
267 1773 326 1810 etiam
338 1772 416 1810 videtur
427 1772 542 1820 Eusnnrus,
556 1773 589 1823 qui
601 1771 622 1809 in
637 1771 767 1810 Onomastico
780 1771 801 1812 S.
815 1771 836 1811 S.

94 1840 143 1877 nihil
155 1840 234 1892 quidem
245 1840 306 1878 habet
314 1845 393 1889 praeter
401 1840 459 1878 haec:
479 1830 597 1889 „³Edueoe',
620 1833 675 1878 iidem
696 1835 735 1877 καὶ
755 1837 837 1889 Nectite

95 1900 106 1947 d
122 1905 271 1954 Ελκεσαῖος,“
287 1913 364 1954 tamen,
386 1906 403 1944 si
418 1907 473 1945 vicus
490 1920 529 1945 non
542 1907 613 1946 fuisset
624 1906 645 1944 in
657 1906 785 1955 Palaestina,
802 1908 837 1945 sed

95 1976 116 2013 in
128 1975 214 2025 Assyria
226 1975 285 2022 situs,
298 1974 365 2013 nescio
377 1987 403 2012 an
415 1980 511 2013 notasset.

128 2043 205 2081 Eodem
217 2043 258 2080 fere
270 2043 294 2081 ab
307 2042 351 2081 aliis
363 2042 453 2080 ducimur
465 2042 589 2090 auctoribus,
603 2043 681 2081 etiamsi
692 2043 757 2081 minor
769 2056 838 2082 eorum

63 2100 65 2104 ’
93 2110 184 2148 videatur
202 2110 292 2160 gra-vitas
312 2122 361 2148 esse.
385 2109 621 2149 Psrmo-Dorornrus
641 2111 665 2148 de
681 2111 766 2161 prophh.
785 2110 838 2159 „Hie

94 2195 228 2202 ———

132 2250 149 2291 1)
161 2249 214 2284 Cuius
226 2249 319 2281 testimonii
331 2249 366 2281 vim
377 2249 472 2293 infringere
484 2251 517 2284 sihi
530 2251 621 2283 videbatur
633 2250 726 2292 ersrnns,
742 2262 780 2284 cum
796 2251 839 2283 thes.

95 2319 111 2340 a.
124 2319 139 2340 v.
156 2309 271 2339 asseveraret:
288 2305 394 2346 „Crederem
406 2307 481 2348 homini,
499 2309 514 2340 si
530 2308 585 2340 vicum
600 2307 655 2340 Eikos
670 2313 791 2349 monstrasset,
808 2309 839 2340 sed

93 2364 168 2398 viculum
179 2363 241 2396 Encnsr
253 2363 278 2404 (ut
289 2366 330 2395 tunc
341 2363 399 2404 legere
407 2363 487 2396 solebant
498 2355 566 2408 neptes
583 2364 668 2397 defective
683 2365 774 2408 scriptum)
789 2376 837 2398 mon-

93 2423 154 2454 stranti
166 2431 201 2453 non
214 2421 268 2462 magis
281 2419 341 2460 eredo,
356 2428 408 2461 quam
420 2423 521 2464 mystagogo
534 2422 646 2462 nostratium,
662 2423 691 2463 qui
705 2423 796 2465 peregrino
808 2422 839 2454 ho-

93 2479 135 2510 mini
147 2478 245 2520 germanice
257 2487 293 2509 non
306 2476 399 2508 admodum
411 2476 462 2510 docto
473 2478 494 2510 de
503 2479 566 2521 oppido
578 2478 704 2519 Bellisone,
716 2480 839 2511 Hallenser

94 2534 197 2574 sciscitanti,
209 2544 231 2566 ne
244 2533 285 2574 quid
297 2534 387 2575 ignorasse
399 2534 495 2575 videretur,
513 2536 603 2567 confestim
616 2536 671 2568 vicum
683 2535 786 2578 oppidumve
798 2544 839 2576 pro-

93 2592 159 2623 ximum
171 2591 251 2632 qnodque
264 2590 368 2623 ostenderet.
392 2591 464 2622 Minime
480 2596 544 2623 certam
561 2592 582 2624 de
598 2602 619 2624 ea
635 2602 654 2624 re
670 2594 752 2624 extitisse
759 2593 839 2625 traditio-

93 2658 141 2690 nem,
157 2647 185 2679 vel
201 2657 221 2678 ex
237 2647 338 2680 diversitate
350 2648 387 2679 eius
400 2647 488 2690 apparet.“
501 2649 526 2680 At
537 2650 594 2682 minus
606 2653 670 2680 temere
681 2649 775 2681 iudicasset
787 2661 803 2681 r.
815 2649 839 2689 d,

93 2705 144 2738 modo
158 2705 230 2736 diversis
243 2705 319 2736 nominis
332 2705 455 2746 pronuntiandi
471 2705 527 2737 modis
544 2710 594 2746 atque
611 2706 678 2738 traditis
694 2716 704 2738 a
719 2707 806 2738 veteribus
818 2706 839 2738 de

94 2763 127 2795 situ
140 2761 175 2793 eins
188 2760 296 2802 opinionibus
309 2761 390 2802 quidnam
404 2761 499 2794 subiectum
511 2766 556 2793 esset
568 2772 666 2803 commune,
683 2762 774 2804 diiigenter
789 2772 839 2805 repu-

95 2820 175 2859 tavisset3
194 2823 213 2850 ut
227 2817 306 2850 omittam
318 2817 449 2860 Hieronymum,
462 2819 491 2859 qui
504 2818 598 2851 maximam
610 2820 656 2851 vitae
668 2820 765 2861 partemin
778 2819 839 2851 Palae-

96 2876 142 2908 stina
154 2876 209 2916 dogit,
222 2876 251 2908 vix
264 2874 354 2917 peregrino
367 2875 418 2908 alicui
429 2875 484 2908 Haias
494 2876 628 2918 praetervolanti
637 2865 690 2909 fuisse
700 2875 838 2918 comparandum.
