1889 3264
281 202 297 253 ᾗ.
310 204 327 241 3.
347 201 381 240 Du
393 213 474 240 tranare
486 199 581 239 Nrnmn.
764 208 809 236 nun

101 326 121 377 G)
140 327 205 366 Porro
218 327 244 366 ad
256 326 343 366 eiusdem
355 324 519 363 Assarhaddonis
540 336 621 375 regnum
637 322 732 373 pertinet,
755 323 810 374 quod

66 391 144 433 ludaeis
156 396 244 434 videmus
260 393 370 445 periculum
386 392 411 429 ab
423 391 515 441 Assyriis
530 392 632 429 imminere
643 391 696 438 II,l
715 390 814 440 „celebra

67 459 117 499 Inda
128 462 179 502 festa
190 469 235 510 tua,
248 460 331 499 exsolve
342 464 392 497 vota
403 461 452 496 tna“
465 458 500 497 cfr.
512 471 560 510 pag.
569 462 602 505 493
619 458 679 509 quid?
695 460 749 509 quod
760 460 808 511 iugo

67 541 134 567 eorum
147 537 166 569 et
178 527 308 568 dominationi
321 525 404 566 subiecti
415 530 471 574 sunt,
484 526 519 565 cfr.
532 527 553 574 Ι,
565 540 584 565 v.
595 529 622 565 11.
636 528 664 564 13.
676 526 707 574 Π,
720 530 736 565 l.
752 527 809 566 Haec

66 602 132 636 autem
145 596 231 637 conditio
248 595 278 632 illi
293 594 388 645 tempori,
407 594 461 644 quod
473 592 579 633 Sanheribi
594 594 670 632 cladem
682 594 809 633 subsecutum

66 670 107 714 cst,
123 665 178 703 nullo
190 661 249 700 modo
266 662 358 712 adaptari
368 667 442 713 potest.
462 660 515 700 Nam
533 662 567 713 qui
578 661 686 701 Kncnnnn
700 667 809 713 sequnntur

66 732 195 778 sententiam,
214 730 248 782 qui
260 730 340 769 Iudaeis
358 730 460 769 existimat
472 730 579 768 timendum
591 729 664 777 fuisse,
677 742 702 768 ne
711 729 809 769 Sanherib

65 812 103 837 rex
114 798 196 848 integris
208 798 271 848 copiis
283 798 370 837 collectis
381 798 453 836 iterum
465 803 541 848 peteret
551 798 657 846 Iudaeam,
669 803 692 836 ut
707 803 810 848 acceptam

67 866 144 905 cladem
155 871 267 916 repararet,
283 867 298 904 ii
309 866 331 904 in
342 866 395 904 idem
406 866 496 903 incidunt
507 866 588 914 vitium,
606 866 660 916 quod
675 867 735 904 modo
751 872 809 905 nota-

65 934 137 973 vimus.
155 935 184 971 At
195 947 241 973 vero
253 934 399 973 Assarbaddon
412 946 456 972 cnm
470 946 534 972 novos
546 933 629 972 colonos
646 933 667 971 in
679 933 809 983 Ephraimiti-

66 1014 110 1040 cam
126 1006 198 1041 terram
215 1003 329 1051 deduceret,
353 1002 388 1052 qui
403 1006 511 1040 evacuatos
526 1001 635 1040 incolerent
651 1013 721 1052 agros,
739 1002 810 1053 copiae

66 1069 110 1108 cius
125 1070 194 1108 crebro
210 1070 329 1108 Indaeorum
348 1070 407 1107 etiarn
426 1070 476 1108 fines
497 1076 630 1117 vexaverunt,
653 1075 672 1108 et
692 1070 724 1108 vel
742 1082 809 1121 regem

66 1149 133 1176 eornm
145 1138 271 1186 Manassem,
288 1137 391 1176 occasione
403 1137 483 1186 oblata,
502 1143 582 1188 captum
597 1137 725 1188 vinctumque
741 1138 809 1189 Baby-

65 1205 130 1243 lonem
142 1211 300 1256 asportaverunt.

101 1275 122 1325 7)
132 1274 175 1312 Iam
187 1286 234 1313 vero
246 1286 286 1312 non
299 1274 428 1312 omittendum
440 1279 480 1321 est,
493 1275 547 1324 quod
559 1286 658 1324 nusquam
670 1273 752 1312 Nahum
764 1285 808 1323 pec-

67 1347 111 1380 cata
123 1341 192 1392 populi
204 1342 281 1392 arguit,
299 1354 336 1379 nec
348 1347 436 1379 atrocem
448 1341 546 1381 defectum
558 1354 570 1379 a
581 1340 681 1389 Domino,
698 1354 757 1392 quem
774 1341 809 1380 ad-

67 1410 172 1457 miserant,
189 1409 309 1460 exprobrat,
325 1409 360 1447 sed
378 1409 442 1447 solam
458 1409 596 1448 liberationem
613 1414 633 1447 et
648 1408 732 1447 salutem
750 1422 808 1459 prae-

67 1478 124 1515 dicat.
143 1476 193 1515 Tale
210 1477 258 1529 quid
274 1482 350 1525 autern,
366 1490 391 1515 ne
402 1477 455 1515 forte
469 1477 490 1515 in
506 1478 602 1516 falsorum
619 1477 761 1527 prophetarum
772 1490 808 1515 nn-

67 1558 120 1583 mero
138 1545 254 1594 haberetur,
272 1545 363 1583 omittere
379 1545 460 1583 omnino
476 1558 517 1583 non
533 1550 621 1595 poterat,
643 1545 682 1584 nisi
699 1558 722 1583 ea
737 1545 808 1596 populi

67 1618 110 1651 erat
121 1613 218 1661 conditio,
234 1619 257 1651 ut
272 1612 343 1662 poenis
359 1617 442 1662 peccata
458 1613 568 1652 subsecutis
581 1613 630 1651 satis
642 1625 742 1663 superque
753 1612 808 1651 vide-

66 1686 121 1718 retur
136 1693 243 1730 oppressus
259 1686 319 1730 atque
334 1680 486 1730 pessumdatus,
503 1686 563 1731 atque
575 1680 636 1728 adeo,
654 1686 750 1731 qnantum
765 1681 809 1719 fieri

67 1753 147 1800 posset,
168 1749 238 1787 salutis
258 1748 370 1798 promissae
390 1748 462 1787 solatio
483 1762 496 1787 a
516 1748 654 1798 desperatione
674 1753 808 1787 revocaretur.

67 1816 206 1865 Quaerendum
219 1828 266 1867 ergo
279 1815 361 1866 aliquod
373 1820 451 1866 tempus
463 1822 502 1864 est,
520 1829 560 1867 quo
576 1816 655 1864 Iudaei,
672 1816 767 1855 Manasse
778 1830 809 1855 re-

67 1890 150 1934 gnante,
163 1884 251 1934 graviter
262 1883 331 1923 afflicti
343 1896 430 1923 summas
443 1884 566 1923 calamitates
578 1890 598 1922 et
609 1884 641 1923 vel
653 1885 736 1922 exitium
749 1890 809 1935 atque

66 1952 172 2002 perniciem
184 1952 304 2002 reipublicae
315 1951 458 2001 pertimuerint.
494 1951 610 1990 Cuiusmodi
626 1956 735 2002 tempestas
750 1953 810 1991 unica

66 2020 164 2070 reperitur
179 2020 224 2068 illa,
246 2032 286 2071 qua
300 2020 418 2057 Manasse
437 2031 497 2070 rege
515 2020 539 2058 in
560 2019 743 2070 captivitatem
764 2021 808 2059 ab·

66 2089 145 2126 ducto
157 2087 197 2138 ipsi
209 2088 337 2134 verebantur,
350 2100 386 2134 ne,
403 2087 571 2138 quemadmodum
581 2087 727 2138 Ephraimitico
739 2100 808 2139 regno,

65 2156 95 2194 ita
111 2155 192 2193 Iudaico
208 2168 288 2206 quoque
302 2155 395 2193 interitus
411 2154 436 2194 ab
453 2155 545 2207 Assyriis
563 2155 679 2206 propediem
698 2161 808 2206 pararetur.

66 2223 101 2262 cfr.
114 2224 131 2274 ᾗ
141 2227 158 2261 4.

99 2292 120 2343 S)
136 2290 174 2329 Oui
188 2292 297 2330 sententiae
312 2291 451 2330 documentum
466 2293 563 2342 praebent
577 2291 666 2330 Nahumi
681 2292 743 2330 verba
754 2292 774 2339 l,
788 2294 809 2329 13

67 2359 167 2398 declarata
179 2364 214 2407 „et
230 2359 308 2398 vincula
325 2363 360 2397 tua
370 2362 490 2409 rumpam;“
508 2372 560 2411 (quae
575 2359 610 2398 ubi
624 2364 716 2398 accurate
728 2371 809 2409 compa-

66 2433 136 2465 rantur
147 2439 191 2465 cum
202 2426 240 2465 Ies.
249 2427 280 2475 X,
294 2430 323 2473 at,
338 2428 392 2465 hand
408 2427 492 2466 obscure
504 2427 530 2466 ad
541 2439 608 2479 regern
619 2427 708 2466 vinctum
720 2433 809 2479 captum-

66 2508 105 2545 que
116 2495 215 2544 respicere
226 2495 323 2534 ridentur.
337 2496 372 2533 cfr.
384 2509 404 2546 p.
413 2498 441 2533 40.

102 2561 158 2610 Quae
167 2576 211 2601 cum
220 2564 249 2601 ita
258 2564 307 2611 sint,
317 2563 378 2602 totius
387 2563 434 2601 libri
443 2562 521 2601 ratione
529 2563 619 2602 videmus
629 2569 675 2601 tem
680 2575 725 2613 pus
734 2563 808 2611 illud,

67 2641 116 2680 quo
128 2629 249 2669 Manasse
266 2631 371 2669 vinctus
383 2630 519 2681 Babylone
534 2632 680 2679 tenebatur,
699 2644 739 2669 non
756 2643 809 2669 com-

66 2697 155 2735 mendari
167 2697 231 2735 solum
242 2711 311 2736 rerum
323 2698 416 2748 flagitari.
435 2698 495 2748 Quod
506 2698 588 2749 insuper
599 2700 693 2738 suadetur
705 2711 738 2748 eo,
755 2700 810 2750 quod

66 2766 206 2815 nulli-praeter
217 2766 315 2816 Assyrios
333 2772 513 2805 commemorantur
523 2767 603 2815 hostes,
622 2767 661 2806 nisi
677 2767 730 2806 forte
741 2767 810 2818 Aegy-

66 2834 116 2884 ptii;
137 2846 177 2872 non
197 2833 259 2872 multo
281 2840 329 2884 post
349 2834 400 2873 enim
417 2849 429 2873 a
446 2834 552 2873 Chaldaeis
567 2835 627 2874 etiam
642 2836 750 2874 timendum
767 2841 810 2874 erat

65 2902 151 2940 Iudaeis.

662 2974 673 2997 n
