1889 3264
117 167 128 192 r.
349 149 513 190 Paciucouuua.
533 150 581 190 One.
594 152 621 201 Π.

118 291 166 328 pore
178 288 220 314 esse
231 275 365 326 assignatum,
378 288 426 314 mox
438 276 463 314 ad
476 275 574 314 destinata
586 273 623 312 sibi
635 286 647 310 a
660 274 696 312 deo
709 287 791 312 munera
800 285 856 311 exse-

119 344 196 393 quenda
208 344 287 381 adducti
300 349 352 381 sunt.

146 405 182 450 'Ita
194 411 246 449 euim
257 423 315 449 sacra
327 424 375 462 gens
386 424 421 461 per
433 411 500 449 onnria
515 410 581 449 secula
592 409 683 448 instituta
699 414 759 459 atquc
775 408 856 446 educata

118 484 159 527 cst,
175 485 197 516 ut
208 480 233 517 ab
245 479 314 530 aliqua
326 479 417 529 deinceps
429 484 497 529 gente,
517 491 567 529 quae
585 489 681 516 summam
697 478 721 514 de
734 477 782 514 orbe
794 481 856 513 terra-

117 561 160 585 rum
181 547 290 596 potentiam
311 552 397 594 teneret,
418 551 535 593 vexaretur3
555 554 623 595 gentes
636 549 711 591 autem,
728 543 819 595 quaeita
831 544 856 580 ad

117 614 199 653 Israelis
212 615 295 653 salutem
307 614 460 664 comparandam
474 618 614 663 cooperarent,
632 626 672 651 non
688 612 770 650 fortuito
787 610 857 649 admit-

118 683 222 730 tebantur,
240 694 308 720 verum
323 694 360 731 pro
376 694 412 719 sua
427 681 503 728 indole,
522 686 541 718 et
552 685 613 729 prout
623 680 704 719 Israelis
716 679 802 718 conditio
815 677 857 715 exi-

119 755 185 800 geret,
202 749 262 787 adeo
275 748 404 798 eligebantur.
428 748 483 787 Inter
495 760 545 798 quas
556 747 642 798 primum
653 749 718 786 locum
730 761 765 798 per
776 748 857 797 longum

119 824 196 866 tempus
213 815 306 854 tenebant
321 816 423 867 Aegyptii.
441 817 461 854 A
478 816 550 867 quibus
567 828 610 853 cum
625 828 638 853 a
655 815 778 853 Rehabeami
794 818 858 852 aetate

118 888 233 931 vacassent,
250 896 314 934 neque
329 884 375 921 iude
390 883 429 922 nisi
445 883 543 921 minorum
559 883 646 933 gentium
660 883 763 921 inimicitia
779 893 858 920 exerce-

119 957 197 999 rentur,
210 951 250 988 iam
261 951 330 988 Iudaei
341 963 381 989 non
392 951 457 990 minus
469 964 528 1002 quam
537 950 673 1000 Ephraimitae
683 963 705 988 eo
715 951 805 988 abierant
813 961 857 999 per-

120 1019 230 1066 versitatis,
243 1023 265 1055 ut
277 1018 385 1056 maioribus
398 1031 448 1068 opus
460 1023 513 1057 esset
523 1018 613 1068 populis,
632 1019 667 1068 qui
682 1031 759 1056 summa
769 1015 859 1067 potentia

119 1087 206 1123 humana
216 1085 308 1124 instructi
324 1098 358 1123 eos
370 1098 411 1122 uon
422 1092 519 1123 uexarent
534 1085 608 1133 solum,
625 1098 692 1123 rerum
709 1085 859 1134 pessumdarent

119 1158 179 1203 atque
191 1157 320 1191 contererent.
339 1151 383 1201 Quo
395 1152 435 1190 iam
447 1153 512 1191 officio
526 1152 560 1203 qui
571 1152 606 1190 illo
618 1158 707 1203 tempore
718 1152 859 1202 perfungeren-

119 1227 162 1269 tur,
182 1220 269 1258 maxime
283 1220 350 1257 idonei
365 1220 441 1258 inventi
457 1226 502 1259 sunt
513 1219 600 1270 Assyrii.
619 1220 709 1258 Prirmrm
721 1219 772 1257 enim
785 1231 858 1269 oppor-

119 1288 194 1326 tunitas
210 1288 311 1335 locorum,
329 1287 400 1337 quibus
416 1288 509 1339 proprias
526 1300 572 1327 suas
586 1288 687 1326 habebant
703 1288 769 1336 sedes,
786 1287 858 1325 idonea

120 1355 206 1393 maxime
227 1361 269 1393 erat
288 1354 363 1404 ingenti
383 1355 466 1405 imperio
487 1355 533 1393 inde
549 1355 682 1405 expugnando
699 1361 759 1406 atque
776 1354 859 1393 admini-

119 1424 212 1471 strando,
231 1423 324 1473 quoniam
341 1422 426 1460 medium
441 1423 497 1460 illum
512 1423 605 1461 tenebant
624 1423 700 1471 locum,
722 1435 761 1473 qim
783 1435 859 1462 summa

119 1503 210 1541 quaeque
221 1490 292 1527 itinera
309 1502 334 1527 ex
346 1490 397 1529 Asia
412 1495 431 1527 et
442 1491 525 1540 Europa
543 1495 562 1527 et
573 1490 643 1528 Africa
658 1491 745 1541 undique
761 1491 859 1540 cogeban-

120 1558 174 1604 tur¹;
194 1569 233 1608 quo
246 1556 296 1594 adde
308 1557 427 1606 singularem
439 1558 489 1596 coeli
500 1557 553 1595 illius
565 1558 689 1607 temperiem,
706 1570 757 1607 qrrae
774 1558 798 1596 ad
816 1570 858 1595 cor-

119 1638 170 1674 pora
182 1625 298 1663 obduranda
311 1623 428 1675 animosque
440 1639 452 1663 a
464 1624 547 1663 mollitie
559 1630 578 1663 et
590 1625 673 1675 segnitie
681 1626 805 1664 revocandos
816 1638 858 1663 ma-

120 1704 207 1742 gnopere
218 1690 348 1741 pertinebat?
363 1691 450 1730 Maxime
462 1698 527 1730 autem
539 1698 611 1730 natura
623 1705 690 1730 eorum
703 1698 762 1744 atque
774 1693 858 1738 indoles,

122 1760 199 1810 qualem
212 1763 252 1796 tam
269 1758 311 1796 ell.
325 1771 350 1797 ss.
361 1772 420 1810 [priam
439 1773 464 1797 ex
479 1760 610 1798 monumentis
622 1761 762 1810 perspicimuS,
778 1766 859 1799 strenua
874 1769 877 1776 ⁸

119 1827 155 1865 illa
166 1826 254 1865 maxime
266 1832 325 1876 atque
337 1826 499 1876 bellicosissima,
515 1828 591 1877 perfida
606 1828 664 1866 simul
680 1834 699 1866 et
710 1828 817 1876 malitiosa,
830 1828 859 1865 ri-

120 1895 177 1933 detur
189 1894 339 1933 cousiderauda.
356 1895 395 1932 Est
407 1895 458 1932 enim
470 1907 518 1945 gens
530 1895 576 1943 illa,
590 1907 641 1944 quae
654 1896 762 1943 „uelociter
774 1902 794 1934 et
804 1896 859 1934 festi-

119 1968 190 2000 nanter
202 1962 287 2000 accurrit
298 1975 310 1999 a
321 1961 394 2000 finibus
407 1968 481 2009 terrae;
498 1975 538 2000 non
551 1968 581 2001 est
592 1962 657 2001 lassus
668 1962 720 2001 inter
732 1976 766 2002 eos
778 1976 814 2001 nec
826 1952 859 2013 aui

121 2030 228 2080 impingam
241 2042 281 2066 nou
293 2029 367 2066 dormit
378 2042 413 2067 nec
425 2030 512 2067 admittit
524 2042 624 2077 sornnum;
638 2043 676 2068 non
690 2030 756 2069 soluta
768 2036 798 2070 est
809 2044 860 2069 zona

120 2098 233 2135 lumborum
246 2096 287 2135 eius
299 2109 335 2134 nec
347 2097 438 2135 atteritur
449 2098 514 2135 lorum
527 2097 587 2135 calcei
599 2120 622 2125 —
635 2098 698 2148 mugit
709 2098 773 2137 instar
781 2100 860 2137 leonum

120 2165 240 2212 catulorum,
259 2169 279 2202 et
289 2163 356 2202 fremit
367 2169 387 2202 et
398 2165 451 2215 capit
467 2165 558 2216 rapinam
574 2171 593 2203 et
608 2166 682 2215 aufert,
701 2180 765 2218 neque
780 2172 811 2206 cst
826 2167 860 2218 qui

120 2231 226 2283 e1·ipiat.“3
244 2232 286 2281 „Ut
300 2232 371 2270 heroes
387 2238 479 2280 currunt,
496 2239 517 2270 ut
528 2233 635 2272 bellatores
652 2235 760 2273 ascendunt
776 2247 860 2282 murum,

156 2405 173 2446 1)
185 2406 220 2439 Cir.
231 2406 277 2439 infra
287 2418 304 2450 p.
314 2407 352 2439 119.

155 2462 172 2503 ⁴2)
185 2463 221 2496 Cfr.
233 2463 309 2496 Tucuruu
320 2464 332 2495 l.
341 2463 352 2494 l.
364 2475 380 2505 p.
389 2464 469 2496 att—⁹7.
493 2464 584 2505 Hodieque
596 2466 634 2498 loca
643 2466 673 2497 illa
685 2465 825 2498 bellicosissimae
837 2470 861 2497 te-

121 2526 163 2554 nent
177 2519 285 2560 Kurdorum,
300 2520 418 2553 Assiretarum
433 2521 461 2553 all.
477 2522 536 2555 tribus.
553 2523 582 2555 cfr.
598 2522 667 2554 Rrrrmu
682 2522 780 2558 Erdlritude
792 2523 828 2564 IX,
845 2525 861 2562 3,

122 2579 211 2611 5111513.

156 2634 173 2674 3)
185 2635 219 2667 les.
231 2635 253 2674 V,
265 2634 346 2667 att-29.
370 2634 432 2666 Patent
444 2635 512 2675 quidem
524 2636 575 2667 latius
587 2636 640 2667 rerba
652 2640 669 2668 et
676 2636 782 2679 Babylonios
795 2645 861 2678 quoqne

122 2695 147 2731 ct,
160 2692 189 2731 qui
200 2695 290 2733 praeterea
301 2692 354 2723 secuti
365 2695 413 2732 sunt,
425 2691 544 2725 Israelitamm
560 2692 617 2725 hostes
633 2695 787 2736 comprehendunt,
797 2699 862 2734 tamen,

122 2749 171 2781 sicuti
182 2748 235 2780 Iotlis
246 2749 298 2780 verba
306 2749 396 2781 confestim
405 2747 499 2790 afferenda,
511 2751 585 2782 maxime
598 2750 661 2783 cadunt
670 2752 688 2783 iu
696 2752 787 2792 Assyrios,
800 2751 862 2792 quippe

122 2806 150 2843 qui
162 2804 212 2847 primi
224 2814 235 2836 a
247 2807 362 2847 septentrione
375 2805 529 2848 (alturnam)
541 2812 631 2847 venerunt,
644 2812 661 2840 et
673 2808 733 2848 quihus
744 2807 809 2850 posteri
821 2816 861 2848 quo-

122 2860 214 2892 dammodo
227 2861 362 2894 continebantur.
375 2863 405 2894 cir.
418 2863 452 2904 Ies,
465 2863 514 2904 XIV,
527 2864 602 2896 24-27
616 2868 633 2896 et
643 2864 750 2897 Dnucusauu.
764 2874 779 2897 a.
787 2863 804 2895 h.
813 2865 823 2896 l.
