1889 3264
140 159 169 187 xx
374 147 538 185 Pronncounuu.
557 144 606 185 Car,
620 147 647 185 ll.

141 284 179 323 pus
192 271 291 322 quoddam
307 274 327 308 et
338 270 394 320 optio
406 270 460 309 faeta
472 276 512 320 est,
529 283 576 309 num
594 270 646 308 forte
661 271 732 321 poenis
750 278 831 322 peccata
848 284 883 310 sun

142 339 268 390 gravioribus
279 338 372 388 deinceps
383 339 494 378 subsecutis
508 340 530 377 in
545 338 687 389 poenitentiam
703 339 753 387 acti,
770 340 795 377 ad
810 340 882 378 iustum

143 408 298 458 clementemque
320 406 430 445 Dominum
453 419 510 445 suurn
532 407 614 457 integris
637 405 708 444 animis
733 412 883 445 reverterentur.

142 473 210 523 Quare
221 474 247 513 ad
259 474 407 525 exsequendam
417 474 541 525 punitionem
546 473 643 525 Aegyptii
654 474 739 524 primum
751 473 824 513 Sisalro
837 487 883 525 rege

142 548 235 592 ceperunt
247 541 401 592 Hierosolyma3
414 542 484 580 deinde
495 543 520 581 ad
532 542 605 581 Ussiae
616 542 669 593 regis
681 547 775 590 aetatem,
789 554 829 592 quo
841 554 882 579 ma-

142 610 174 660 gis
186 610 218 648 dei
228 614 336 660 praecepta
347 609 477 660 neglexerunt
489 615 509 648 et
520 610 561 649 suis
573 610 697 648 confiderunt
708 609 792 657 viribus,
811 622 823 646 a
835 609 883 647 vici-

143 678 174 717 nis
186 677 277 728 gentibus
289 677 401 716 minoribus
413 678 545 716 vexabantur.
562 676 697 716 Nihilominus
708 678 813 716 victoriam
825 676 882 715 etiam

144 752 164 783 et
174 746 288 784 felicitatem
299 744 385 795 largitus
398 750 428 783 est
436 744 546 793 Dominus,
559 750 581 782 ut
591 745 713 796 benignitate
725 750 884 784 converterentur

143 814 169 851 ad
180 812 334 863 poenitentiam,
349 817 410 864 atque
426 813 475 851 adeo
486 811 560 852 lissiae
570 817 660 862 tempore
675 825 771 851 summanr
783 812 882 863 prosperi-

143 885 205 919 tatem
225 880 304 932 utrique
323 892 385 930 reguo
402 880 524 929 conciliavit,
540 880 627 919 subactis
643 880 735 919 omnibus
750 881 842 931 gentibus
857 881 881 919 ab

143 949 213 986 Ezeon
224 948 292 987 Geber
304 947 330 985 ad
341 948 480 998 Thapsacum¹
492 971 517 976 —
529 953 550 986 at
561 961 584 985 eo
596 949 660 998 magis
671 948 692 986 in
707 949 807 986 luxuriam
820 954 839 986 et
850 961 882 986 su-

144 1016 234 1066 perbiam
258 1024 278 1053 et
300 1015 384 1053 aliarum
407 1016 524 1065 religionum
544 1015 672 1065 cupiditatem
691 1016 811 1064 inciderunt,
832 1029 882 1066 (quus

145 1096 223 1122 summa
234 1095 312 1120 morum
324 1083 440 1132 depravatio
453 1088 473 1120 et
484 1083 610 1121 atrocissima
619 1096 708 1134 quaeque
716 1084 806 1122 facinora
813 1097 881 1134 seque-

143 1150 223 1189 bantur.
248 1149 315 1198 Quare
327 1163 370 1188 curn
382 1155 478 1189 statutum
490 1150 624 1189 conversionis
636 1156 713 1200 tempus
730 1151 852 1200 sprevissent
864 1157 882 1188 ct

144 1218 244 1256 idolorum
259 1217 418 1256 Oanaanensium
430 1218 483 1255 cultu
494 1217 540 1256 inde
551 1231 563 1256 a
574 1217 634 1256 loaso
646 1230 693 1267 roge
704 1219 768 1268 magis
781 1219 882 1269 magisque

145 1285 306 1337 inquinarentur,
322 1285 422 1323 Dominus
433 1285 535 1323 mortifero
547 1284 619 1323 Ussiae
631 1298 682 1323 anno
694 1298 729 1335 per
740 1285 825 1324 lesaiam
837 1298 883 1335 pro—

145 1354 226 1403 phetam
239 1353 303 1390 diram
315 1352 366 1390 dixit
378 1352 495 1391 sententiam
508 1352 554 1402 (les.
566 1352 615 1404 VI),
627 1358 649 1390 ut
660 1353 699 1390 iam
713 1353 824 1391 obstinatae
836 1366 882 1391 con-

145 1420 243 1458 tumaciae
258 1426 319 1471 atque
329 1420 424 1469 perniciei
435 1420 571 1467 traderentur,
586 1432 622 1457 nec
639 1420 724 1469 amplius
739 1421 816 1459 etiarnsi
828 1421 882 1459 audi-

144 1494 188 1526 rent
199 1488 292 1535 verbum‚
304 1487 369 1525 redire
381 1493 400 1525 et
411 1487 487 1525 servari
499 1488 523 1525 ab
536 1487 616 1524 interitu
628 1493 715 1536 possent.

178 1556 211 1593 lta
222 1556 296 1593 factum
309 1560 350 1602 est,
366 1561 388 1592 ut
399 1555 468 1592 Iudaei
481 1555 547 1593 sta-tim
559 1554 694 1593 funestissimo
706 1554 759 1593 bello
772 1569 784 1592 a
796 1553 852 1605 Syris
865 1560 884 1592 et

144 1622 278 1673 Epliraemitis
290 1622 346 1660 illato
359 1635 371 1660 a
383 1634 460 1660 summo
472 1622 547 1672 gloriae
559 1621 640 1671 fastigio
651 1621 672 1659 in
688 1627 796 1660 extremam
813 1622 883 1659 deiice-

144 1696 212 1728 rentur
223 1687 347 1736 miseriamff,
364 1695 393 1736 et,
411 1702 456 1726 cum
467 1690 565 1739 pessimus
577 1702 613 1726 rex
625 1689 692 1728 Achas
704 1691 835 1740 Assyriorum
846 1690 883 1727 im-

144 1758 245 1808 plora-sset
256 1756 363 1805 auxilium,
380 1757 462 1794 arbitrio
475 1769 542 1794 eorum
555 1769 578 1793 ac
589 1769 652 1806 paene
664 1756 794 1795 dominationi
806 1757 883 1807 subige-

144 1831 224 1872 rentur3
241 1830 300 1876 atque
312 1824 373 1872 adeo,
389 1837 433 1862 cum
445 1824 490 1874 plus
503 1823 590 1861 ducentis
608 1824 752 1874 quinquaginta
767 1825 824 1863 antris
840 1837 883 1863 cum

144 1892 254 1931 minoribus
269 1892 406 1930 tantummodo
423 1892 514 1942 gentibus
530 1890 682 1929 conflictandum
696 1891 789 1939 inisseti,
805 1891 846 1929 iam
858 1893 883 1930 ab

143 1960 218 2011 ingenti
229 1972 292 2010 regno
303 1960 404 1998 mundano
415 1972 456 1997 non
467 1959 538 1998 vexari
550 1958 625 2006 solum,
642 1972 709 1997 verum
727 1959 852 2009 pessumdari
864 1966 883 1998 et

144 2027 238 2066 contundi
250 2028 315 2078 coepti
326 2032 378 2066 sunt.
396 2026 531 2065 Nihilominus
548 2026 681 2076 quadraginta
696 2027 738 2065 fere
754 2028 811 2066 annis
826 2040 883 2077 prae-v

143 2097 224 2134 teractis
235 2095 335 2134 Dominus
347 2095 474 2134 celeberrimo
486 2094 577 2144 exemplo
590 2093 686 2142 ostendit,
703 2095 751 2145 quid
766 2094 825 2132 etiam
840 2101 882 2133 tum

143 2164 233 2202 valerent
243 2163 322 2211 Iudaei,
335 2163 352 2202 si
364 2176 405 2200 non
416 2175 429 2200 a
440 2162 532 2213 gentibus
544 2161 581 2199 deo
592 2161 669 2200 infestis
680 2167 769 2212 peterent
778 2163 882 2211 auxilinm,

143 2232 177 2270 sed
190 2244 247 2270 suam
258 2231 390 2281 implorarent
401 2231 486 2282 gratiam
499 2235 518 2267 et
530 2229 693 2279 omnipotentiam
700 2244 705 2277 ς
723 2230 820 2280 Assyrios
833 2231 884 2268 enim

143 2301 169 2338 ad
181 2312 279 2339 summum
291 2299 393 2350 potentiae
404 2298 482 2336 culmen
493 2303 572 2336 evectos
585 2302 631 2335 ante
639 2296 826 2348 Hierosolymorum
838 2311 884 2348 por-

178 2464 195 2505 1)
210 2462 246 2495 cn.
258 2462 302 2495 Kum
314 2462 425 2496 Commentar
440 2462 482 2495 sibor
498 2462 526 2495 die
538 2460 571 2495 Bb,
587 2461 618 2494 der
629 2460 707 2502 Konige,
723 2460 745 2493 ad
762 2460 827 2505 Ἠὼς.
843 2463 884 2504 XV,

143 2519 173 2560 16,
185 2519 248 2563 p.459.

176 2576 194 2616 2)
206 2575 241 2609 on.
254 2575 329 2609 caseum
341 2575 372 2607 der
384 2575 603 2618 syrisch-ephraimitische
614 2575 669 2618 Kricg
680 2578 713 2618 μδ
723 2586 754 2618 ss,
770 2578 799 2620 qui
815 2577 884 2619 copiose

143 2637 160 2664 ct
172 2634 240 2676 egregie
252 2632 273 2665 de
285 2633 335 2666 huius
347 2632 389 2665 belli
400 2633 468 2664 ratione
481 2637 498 2664 et
509 2633 586 2675 pondere
598 2632 696 2674 disputavit.

177 2689 194 2729 3)
206 2689 277 2721 Praeter
288 2696 354 2723 ceteros
367 2688 533 2731 synnemenon,
545 2691 575 2731 qui
586 2690 669 2731 singulari
681 2690 755 2732 quadam
767 2692 834 2723 ratione
846 2700 884 2721 cum

142 2750 215 2788 utroque
230 2756 283 2789 regno
299 2746 439 2787 continebantur,
456 2747 532 2779 continui
548 2748 585 2780 tcre
601 2748 704 2780 irritamenti
721 2747 772 2779 simul
788 2752 805 2779 et
820 2745 884 2787 flagelli

142 2813 213 2835 munere
224 2803 347 2846 iungebantur,
363 2813 435 2845 quornm
451 2803 496 2836 vices
511 2805 546 2837 iam
561 2804 612 2848 longe
628 2805 697 2846 gravius
714 2804 791 2847 agendas
806 2812 884 2845 suscepe-

142 2864 182 2892 runt
194 2861 266 2903 Assyrii.
279 2862 308 2894 cfr.
322 2861 396 2895 casian
408 2862 419 2894 l.
428 2862 438 2894 l.
451 2873 467 2905 p«
475 2862 555 2895 19-21.
