1889 3264
104 123 137 170 44
378 126 426 166 Can
436 128 456 175 l,
469 139 487 165 v.
499 130 574 165 12-14.

104 252 139 302 qni
150 252 171 289 in
179 255 300 288 contemtum
308 249 409 289 hommum
421 251 518 290 inciderit.
542 251 563 302 3)
575 249 626 290 Sunt
638 253 707 300 etiam,
721 253 755 303 qui
765 252 847 291 celerem

104 332 147 357 esse
163 323 242 356 avertant
252 314 301 368 bip,
319 318 380 356 veluti
392 317 494 367 28am1,
506 321 539 367 aa,
556 318 610 357 Hal).
618 318 638 367 l,
652 322 674 366 85
692 318 761 359 Ierem.
769 320 805 368 IV,
816 323 846 367 133

103 387 146 425 Iob.
156 385 197 433 IX,
209 389 231 424 ‘25
243 385 298 435 (coll.
310 385 349 424 adi.
360 382 406 438 pr3
422 388 451 426 sic
462 387 565 435 Peschito,
582 386 656 425 omissa
672 386 764 425 nimirum
782 388 847 426 vocali

104 455 140 493 sub
153 455 166 492 l.
178 466 202 505 rr,
215 454 305 492 exhibet:
318 444 413 515 LXX-22,
426 454 475 502 cito,
489 454 587 503 celeriter,
601 460 620 492 et
631 454 700 492 LXX:
715 447 750 493 ὅτι
765 454 846 504 ταχεῖς,

105 522 213 561 coniunctis
226 522 292 560 verbis
305 535 348 560 curn
360 511 420 561 iiersu
432 527 531 572 sequente.
557 521 613 570 Quae
624 523 760 572 interpretatio
772 523 847 562 incom-

104 590 164 627 moda
181 595 217 628 est.
229 612 254 617 -
278 588 469 628 Commemorandae
484 590 543 627 etiam
555 595 611 639 sunt,
628 603 654 628 ne
669 590 760 629 omisisse
772 604 806 630 eas
819 592 848 630 vi-

104 657 196 705 deamur,
213 657 264 695 aliae
275 657 419 707 interpretandi
431 657 529 705 rationes,
547 670 599 708 quae
610 658 642 696 vel
654 658 759 697 verborum
771 659 847 698 formas

104 726 136 764 vel
147 726 240 763 idoneum
253 725 355 762 offendunt
366 737 455 764 sensum:
468 725 567 772 Ianuari,
580 724 667 764 Gnomr:
681 726 728 777 quia
739 726 798 765 facile
809 727 849 765 hoc

105 799 135 832 est
154 805 220 831 coram
241 805 284 839 me3
306 792 383 840 Daras,
403 792 497 831 Piscina:
524 793 571 843 quia
592 793 682 841 vilueris,
704 795 745 833 scil.
766 800 848 844 accepta

105 861 160 899 clade
171 861 193 898 in
204 860 288 908 Indaea,
301 860 333 898 vel
345 861 419 899 amisso
431 873 503 911 regno3
521 859 616 911 denique,
632 861 662 899 nti
674 861 792 901 cavillarunt
804 863 848 914 qui-

105 929 160 966 dam:
178 929 225 980 quia
235 928 342 967 levissimis
354 933 424 966 contra
435 928 543 967 Dominum
555 929 622 967 verbis
633 929 728 967 utebaris.

139 996 196 1045 Quae
207 1008 251 1033 cum
266 996 295 1033 ita
311 996 360 1044 sint,
377 996 462 1046 primam
473 996 562 1034 vaticinii
577 1001 655 1046 partem
671 997 754 1035 oonsilio
765 996 848 1035 Domini

105 1065 129 1102 de
144 1063 275 1113 Assyriorum
290 1075 353 1113 regno
368 1063 457 1101 funditus
473 1063 579 1101 evertendo
596 1064 675 1103 absolvi
690 1065 786 1103 videmus.
814 1065 848 1111 At,

105 1132 163 1171 sicuti
174 1130 249 1168 nullum
260 1131 302 1169 fere
318 1131 383 1169 adhuc
394 1144 473 1170 versum
489 1130 642 1180 explicavimus,
659 1131 683 1170 de
700 1145 740 1182 quo
756 1144 797 1169 non
808 1132 848 1172 dis-

106 1204 221 1249 crepassent
236 1212 268 1237 vv.
284 1199 328 1247 dd,
344 1205 411 1236 utrum
427 1198 524 1249 Assyrios
542 1211 568 1236 an
583 1198 668 1238 Iudaeos
684 1200 801 1249 respiceret,
820 1200 849 1238 ita

106 1272 216 1305 extremam
228 1278 308 1318 quoqne
323 1267 439 1305 sententiam
454 1279 495 1304 non
511 1266 625 1315 defuerunt,
643 1267 677 1317 qui
693 1267 717 1305 de
728 1267 808 1306 Iudaeis
820 1268 848 1305 di-

106 1341 158 1373 ctam
170 1335 298 1372 affirmarent.
325 1333 428 1373 Caninius
440 1339 567 1383 praeceptum
578 1333 661 1373 Domini
678 1335 752 1385 reperit
763 1335 787 1373 de
798 1336 849 1373 Iuda

106 1402 180 1441 tuenda
191 1407 211 1440 et
222 1403 247 1439 de
258 1415 300 1439 non
310 1402 377 1439 lutura
393 1402 465 1440 iterum
477 1401 600 1451 dispersione
614 1402 685 1452 populi
702 1408 749 1452 post
760 1403 848 1453 Babylo-

105 1471 181 1518 nicam,
200 1475 219 1508 et
234 1469 373 1520 purgationem
390 1482 403 1507 a
419 1469 544 1518 sculptilibus
563 1468 637 1519 allegat
652 1470 725 1508 factam
741 1471 777 1509 sub
794 1471 849 1509 losia

105 1550 157 1589 rege.
176 1536 301 1588 singularius
311 1538 370 1575 etiam
379 1537 508 1575 Kiarnsrrrus
517 1537 585 1586 priora
592 1537 627 1575 illa
634 1538 704 1575 verba:
720 1538 769 1578 'uiri
784 1535 811 1579 nb
823 1539 849 1576 ad

105 1605 205 1644 Manassis
216 1605 308 1643 instituta
318 1605 379 1643 refert
390 1604 516 1655 abroganda,
529 1605 601 1655 quibus
610 1605 689 1644 ludaeis
699 1606 740 1642 dux
751 1610 770 1642 et
779 1611 848 1650 auctor

105 1673 236 1723 plurimormn
252 1672 347 1711 scelerum
358 1672 434 1719 luerat,
451 1685 535 1722 eumque
550 1685 629 1711 sensum
646 1672 730 1710 dilucide
741 1678 810 1722 patere
821 1674 849 1711 ait

106 1755 117 1779 e
129 1746 283 1779 commemorata
295 1740 420 1787 idololatria;
433 1752 493 1789 quam
504 1740 590 1790 primum
599 1740 695 1778 abolitam
706 1741 849 1780 esseillanasse

106 1821 197 1856 reverso,
210 1808 408 1855 aPaaiXiiXffl,
422 1809 449 1846 15.
460 1811 491 1854 rc;
505 1807 575 1845 deinde
584 1808 687 1858 sequentia
699 1821 779 1858 quoque
788 1796 849 1847 verba

104 1882 176 1927 postea
186 1876 269 1926 impleta
280 1889 324 1915 esse
334 1889 371 1926 per
381 1875 466 1922 losiam,
484 1875 518 1925 qui
529 1875 641 1925 fragmenta
653 1876 785 1926 sculptilium,
798 1890 849 1927 quae

106 1944 227 1991 succiderat,
243 1944 337 1994 dispersit
353 1957 389 1993 per
404 1943 491 1981 tumulos
504 1956 583 1991 eorum,
601 1944 635 1993 qui
647 1944 676 1982 eis
687 1944 791 1982 immolare
803 1957 849 1982 con-

106 2017 221 2059 sueverant,
239 2011 326 2049 ararat.
336 2011 435 2058 XXXIV,
449 2013 475 2047 ll.
494 2033 518 2037 -
541 2009 607 2048 Nemo
625 2017 655 2049 est
667 2016 733 2049 antem
749 2012 797 2062 quin
812 2012 850 2050 hac

105 2080 268 2130 interpretatione
280 2092 358 2117 omnem
370 2078 458 2116 vaticinii
470 2078 534 2116 nostri
545 2078 643 2116 rationem
655 2079 732 2117 turbari
743 2079 848 2131 intelligat,

106 2160 199 2197 cumpro
212 2147 269 2197 gravi
285 2147 409 2194 calamitate,
427 2158 487 2196 quam
503 2147 648 2196 exspectabant
659 2147 738 2196 Iudaei,
757 2147 849 2186 liberatio

106 2216 131 2254 ab
143 2216 234 2254 hostibus
247 2220 267 2253 et
277 2215 376 2253 restitutio
388 2214 484 2264 pristinae
496 2213 572 2264 gloriae
583 2214 722 2264 promittatur,
739 2228 803 2265 neque
815 2229 848 2255 us-

106 2296 165 2333 quam
177 2284 259 2335 gravior
270 2283 372 2322 nuntiatur
384 2295 459 2333 poena,
473 2294 532 2333 quam
545 2295 585 2333 qua
596 2282 636 2321 iam
649 2288 705 2322 erant
716 2283 789 2321 affecti.
