1889 3264
42 234 44 236 -
87 172 118 218 22
315 150 319 156 -
367 176 445 224 ciui,
458 179 549 214 itt-11.

85 301 121 339 cfr.
133 300 177 339 Ion.
186 300 226 348 III,
238 304 249 338 7
255 314 260 348 ς
272 299 333 340 Num.
342 299 411 348 XXV,
424 304 444 347 43
457 300 495 339 les.
504 298 567 347 XIII,
579 302 596 337 9.
609 300 637 337 13.
649 321 674 327 -
701 310 828 351 inmte]

85 368 138 418 (uns
147 385 170 400 =
180 369 249 420 nucu)
261 369 285 407 de
296 381 360 419 aqua,
378 369 402 407 dc
416 369 447 406 ira
462 380 522 418 saepe
533 366 605 418 legitur
617 366 690 405 dictum
702 368 769 406 arar.
779 369 828 415 XII,

85 438 107 482 73
123 435 251 485 IeremVlI,
268 439 300 484 203
316 436 387 484 XLII,
404 438 435 483 183
457 436 492 474 cfr.
508 436 544 474 Ea.
557 434 599 483 IX,
616 437 638 483 83
656 435 720 485 Apoc.
734 435 795 483 XVI,
813 441 828 474 1.

86 502 182 552 „Effundi
197 504 229 541 hic
244 504 294 543 nihil
305 504 360 542 aliud
376 511 406 542 est
421 516 481 555 cluam
492 504 552 553 longe
566 503 646 554 lateque
661 502 757 554 dispergi3
774 515 830 553 gras-

86 575 142 610 satur
157 577 268 620 momento,
289 584 313 610 ac
331 571 348 610 si
367 571 419 621 ignis
439 576 503 609 totam
519 571 590 609 silvam
607 570 735 621 corriperet.“
766 568 829 609 cinv.

85 637 146 676 LXX
158 638 216 677 aliter
226 639 298 690 legisse
309 638 424 689 suspicandi
435 644 491 686 sunt,
508 638 594 677 reddunt
605 639 657 676 enim
674 632 738 692 τήκει
753 628 829 691 ἄρχεις,

86 706 150 744 Arab.
166 706 268 757 liquefacit
282 705 394 757 principes,
411 706 502 756 legerunt
518 717 566 756 ergo
582 708 630 744 uni
645 716 702 765 unffi
717 719 754 756 pro
774 717 829 766 ngr-pa

38 773 42 778 ’
86 779 146 830 tana.
175 773 254 824 Rupes,
275 787 327 826 quae
342 786 379 824 pro
397 773 504 812 inaccessis
520 773 618 812 habentur
637 774 773 823 munimentis,
794 775 829 813 cfr.

86 842 121 880 Ps.
130 840 213 889 XVIII,
225 844 247 890 3,
260 842 364 881 diruuntur
373 843 398 880 ab
411 854 442 889 eo,
455 854 490 881 seu
500 854 550 892 prae
562 853 595 888 eo,
611 851 673 889 iios,
686 841 699 879 i.
712 855 729 881 e.
741 856 789 892 prae
801 844 830 881 in-

87 921 144 948 cessu
156 909 197 948 eius
210 914 230 947 et
240 909 387 960 increpatione,
404 909 439 948 cfr.
451 909 521 947 Ierem.
530 908 614 956 XXIII,
627 911 655 946 ab.
679 908 781 948 Vertimus
793 923 830 949 nos

88 990 162 1027 „rupes
174 982 246 1027 ruptae
257 979 324 1025 sunt‘,
337 983 359 1015 ut
369 977 532 1027 paronomasiam
543 976 652 1025 imitemur,
666 989 717 1027 (puae
727 977 832 1016 intercedit

86 1045 138 1083 inter
153 1055 219 1096 finni,
234 1054 296 1096 isui,
313 1049 333 1081 et
347 1054 435 1096 urrisu,
451 1049 557 1094 praeeunte
567 1044 679 1082 aaronem.

122 1111 203 1159 „Tanta
213 1111 274 1161 igitur
285 1124 329 1150 cum
341 1112 367 1150 sit
378 1111 410 1149 dei
421 1112 517 1162 potentia,
529 1116 552 1149 ut
561 1124 604 1149 eam
613 1124 638 1149 ne
647 1111 779 1151 solidissimae
788 1114 831 1164 qni-

88 1180 133 1218 dcm
144 1178 212 1217 mundi
228 1185 296 1229 partes
313 1180 410 1218 sustinere
424 1180 515 1230 possint,
530 1191 579 1216 num
593 1178 622 1215 illi
634 1191 671 1217 vos
682 1178 785 1219 Ninivitae
800 1195 831 1219 re-

88 1247 158 1286 sistere
169 1246 274 1296 poteritis?
292 1260 340 1285 num
351 1260 388 1286 vos
400 1247 496 1286 adversus
507 1247 563 1284 illurn
575 1245 643 1293 muris,
656 1246 724 1295 fossis,
736 1248 831 1296 turribus,

87 1314 192 1365 praesidiis
208 1314 236 1353 ita
251 1314 359 1353 instructos
371 1316 457 1365 putatis,
475 1320 498 1353 ut
512 1313 566 1352 illius
576 1314 728 1364 impressionem
738 1315 832 1355 hostilem

88 1388 178 1421 avertere
189 1382 288 1432 possitis?
318 1382 371 1430 Quid
388 1384 439 1421 enim
453 1382 560 1421 homuncio
577 1381 668 1421 mortalis
681 1384 732 1420 etc.“
761 1383 832 1423 Guttu-

88 1461 169 1488 Tnnnus
184 1450 269 1488 homss
284 1450 305 1487 in
319 1449 384 1488 Nach.
414 1449 447 1490 Sic
463 1455 532 1490 nostro
548 1450 569 1487 in
590 1454 686 1488 commate
703 1450 728 1488 ab
745 1451 832 1490 universi

87 1518 154 1556 iudicii
166 1517 298 1568 descriptione
310 1518 405 1556 transitus
421 1519 444 1556 fit
456 1519 482 1556 ad
499 1517 583 1568 speciem
596 1517 694 1556 vindictae
706 1517 730 1555 de
741 1519 832 1570 Assyriis

88 1586 195 1624 sumendae
206 1584 381 1635 praeformandem
393 1599 412 1624 v.
423 1588 486 1623 t-n.

372 1818 401 1864 B.
430 1819 549 1864 v.t-11.

121 1923 196 1962 Verurn
218 1923 317 1961 enimvero
338 1923 415 1962 iudiciis
437 1923 478 1962 suis
498 1923 613 1962 exercendis
629 1922 728 1962 Dominus
751 1936 792 1962 non
812 1924 833 1962 id

87 1991 153 2031 solum
164 1991 234 2039 efficit,
245 1996 268 2028 ut
279 1990 433 2041 exstinguantur
444 1991 540 2039 nralefici,
556 1992 592 2029 sed
603 1990 663 2028 etlam
674 1996 697 2028 ut
708 1991 832 2030 vindicentur

87 2059 121 2110 pii.
148 2058 261 2109 Utrumque
271 2058 311 2096 iarn
323 2059 451 2109 sequentibus
464 2058 571 2109 exponitur
583 2059 686 2107 versibus,
702 2058 740 2106 ite,
757 2064 780 2096 ut
792 2062 832 2097 nt

87 2132 159 2177 agutur
170 2127 195 2164 de
205 2126 254 2176 piis,
269 2128 310 2164 ab
326 2127 350 2163 de
366 2127 469 2175 hostibus,
486 2129 525 2165 *ab
538 2126 562 2165 de
574 2126 674 2178 utrisque,
690 2140 709 2165 v.
720 2129 742 2164 10
753 2140 832 2166 rursum

87 2195 112 2233 de
122 2195 224 2242 hostibus,
236 2207 255 2232 v.
266 2196 286 2231 11
300 2194 324 2232 de
335 2194 380 2245 piis.
397 2195 477 2233 Vindex
490 2194 541 2233 euim
553 2201 572 2233 et
583 2194 647 2233 iustus
659 2195 720 2233 iudex
731 2193 832 2233 Dominus

87 2268 117 2302 ost
128 2263 193 2302 bonus
204 2262 266 2311 idem,
283 2275 319 2300 nec
331 2262 420 2301 destituit
432 2276 476 2311 cos,
493 2263 527 2314 qui
542 2275 599 2301 suam
614 2263 634 2301 in
651 2275 675 2301 eo
690 2262 783 2302 fiduciam
795 2276 832 2313 po-

86 2337 135 2369 nunt
150 2334 201 2378 v.7;
222 2330 298 2369 Ninum
314 2336 391 2379 autem,
409 2330 467 2370 sicuti
485 2330 553 2370 hostes
574 2343 622 2370 suos
643 2343 723 2378 omnes,
743 2331 832 2370 funditus

87 2399 197 2449 exstinguit
207 2411 226 2436 v.
235 2401 252 2436 8.
284 2397 352 2446 Quare
363 2412 388 2436 ne
399 2398 481 2437 timeant
492 2399 570 2447 ludaei,
588 2411 614 2436 ne
625 2403 722 2436 vexentur
733 2411 794 2448 porro
806 2399 831 2438 ab

86 2466 188 2517 Assyriis,
207 2478 251 2505 cum
264 2466 323 2513 deus,
341 2466 422 2517 siquos
438 2466 520 2514 evertit,
536 2467 566 2504 ita
577 2470 688 2516 pervertat,
705 2472 728 2504 ut
742 2467 832 2506 funditus

85 2535 184 2574 intereant
199 2547 217 2573 v.
228 2537 249 2582 93
268 2535 359 2573 namuel
374 2534 476 2584 spinarum
493 2534 558 2573 instar
569 2532 677 2584 perplexos
689 2533 735 2573 illos
751 2535 832 2586 necopi-

86 2608 134 2641 nato
150 2603 176 2641 ad
196 2615 255 2640 unum
272 2615 340 2640 omnes
359 2603 449 2642 consumi
465 2602 513 2641 facit
528 2616 547 2641 u.
562 2605 594 2649 10,
613 2602 642 2640 ita
657 2607 679 2641 ut
696 2602 791 2642 liberetur
806 2603 831 2642 ab

86 2683 206 2721 oppressore
217 2670 297 2709 Iudaea.
322 2685 340 2710 r.
352 2674 378 2709 ll.

121 2738 213 2778 Ceterum
226 2741 316 2778 omittere
331 2740 447 2791 nequimus,
464 2737 606 2777 sententiarum
618 2739 734 2778 varietatem
751 2753 832 2789 compo-

86 2807 158 2846 sitione
169 2807 228 2846 etiurn
240 2821 332 2847 versuum
345 2813 364 2845 et
375 2820 457 2845 numero
470 2806 572 2857 praeclare
586 2807 607 2846 in
623 2808 661 2846 hoc
672 2807 738 2857 capite
750 2818 831 2858 expres-

86 2889 128 2914 sam
141 2889 244 2927 apparerev
268 2876 337 2915 Prima
349 2876 400 2915 enini
413 2875 471 2927 quasi
484 2875 578 2926 stropha,
590 2890 609 2914 v.
619 2879 678 2922 ‘2-6,
692 2874 749 2914 sicuti
762 2875 831 2924 altero,
