1889 3264
244 191 261 243 §.
274 196 290 230 4.
309 191 343 231 Da
355 203 481 232 covnrrronn
493 192 626 231 Iunrmonun.
772 200 809 228 xm

66 321 97 353 tas
114 315 164 353 adeo
179 315 273 365 perculit,
295 322 317 355 ut
332 316 388 355 tarde
404 316 482 354 demum
498 317 523 354 ab
538 309 641 354 horrenda‘
650 314 707 353 clade
722 313 809 363 respira-

65 387 115 420 rent.
128 405 151 410 —
165 382 193 421 At
201 384 245 434 ipse
253 385 313 423 etiam
321 383 406 423 Hiskias
414 396 533 433 prosperum
542 383 634 421 fortunae
645 383 715 421 flatum
726 394 748 420 se
756 381 810 419 ferre

65 463 106 488 non
117 463 178 501 posse
187 452 291 502 probavit3
307 464 353 489 nam
368 463 413 489 eum
429 450 465 489 vix
480 451 562 488 mirifice
579 454 634 489 esset
645 455 749 500 expertus,
766 461 808 487 non

64 518 85 555 in
97 518 209 558 horninibus
221 519 288 558 sedin
300 519 343 557 solo
357 519 393 556 deo
407 517 544 556 confidendum
557 530 612 565 esse,
628 523 695 555 tamen
711 529 755 555 cum
766 516 807 556 Ba-

65 586 142 636 bylonii
154 587 261 624 amicitiam
274 590 293 623 et
307 585 422 624 societatem
431 586 449 623 ei
458 586 565 634 offerrent,
577 584 682 623 blanditiis
691 597 759 622 eorum
767 584 809 634 pel-

65 654 139 701 lectus,
155 660 178 692 ut
191 653 272 692 foedere
287 665 331 692 sese
346 654 428 704 dignum
443 658 622 701 commonstraret,
640 664 709 690 omnes
723 651 748 690 iis
761 663 809 701 opes

66 727 85 759 et
96 722 217 759 munimenta
228 720 320 759 iactando
333 721 428 760 ostendit.
446 722 499 760 Tum
515 734 563 759 vero
574 720 662 760 Iesaiasl
678 721 762 768 „ecce,“
778 718 809 756 in-

66 789 124 839 quit,
138 788 232 835 „venient
244 789 295 836 dies,
309 794 329 827 et
340 789 456 827 auferuntur
467 789 543 837 omnia,
557 789 640 840 quaein
652 788 711 825 domo
721 793 756 826 tua
764 791 811 825 sunt

65 862 85 894 et
102 867 153 906 quae
165 861 307 906 congesserunt
317 862 385 907 patres
397 857 426 895 tui
435 870 498 909 usque
506 856 532 894 ad
540 857 593 894 hunc
601 856 663 903 diem,
674 855 809 906 Babylonem

65 935 105 961 non
120 924 253 962 retardabitur
264 924 402 972 hocverbum,
415 924 463 963 dicit
475 924 586 972 Dominus3
599 928 618 962 et
630 936 659 962 ex
670 923 736 961 filiis
748 923 808 968 tuis,

66 990 101 1040 qui
116 996 159 1028 ate
172 991 285 1039 exiverunt,
299 1004 361 1043 quos
373 992 471 1043 gignes,
484 998 588 1031 sumuntur
600 997 619 1029 et
631 997 677 1030 sunt
690 990 776 1029 ministri
787 990 810 1027 in

65 1058 143 1108 palatio
156 1059 209 1109 regis
220 1059 373 1110 Babyloniael“
385 1082 409 1087 —
420 1059 477 1098 Haec
493 1065 559 1098 autem
574 1072 615 1097 vox
632 1059 685 1097 haud
700 1058 729 1096 ita
746 1057 809 1095 multo

65 1131 113 1176 post
126 1126 200 1176 partim
211 1127 276 1165 evenit
280 1142 286 1175 ;
298 1140 356 1175 nam,
369 1141 381 1166 a
392 1128 465 1178 quibus
476 1133 518 1166 tam
530 1127 632 1177 splendide
642 1132 661 1165 et
668 1125 757 1177 gloriose
766 1130 810 1163 erat

67 1193 190 1242 vindicatus,
202 1194 227 1233 ab
239 1194 309 1233 iisdem
318 1195 409 1247 Assyriis
417 1195 511 1235 Manasse
520 1195 574 1234 filius
582 1194 707 1245 Babylonem
715 1194 736 1232 in
746 1193 809 1244 capti-

66 1261 148 1299 vitatem
160 1261 256 1301 abductus
269 1269 304 1302 est.

111 1328 180 1367 Tertio
192 1343 245 1367 anno
257 1336 389 1381 posteaquam
401 1344 414 1368 a
425 1329 529 1368 mortifero
541 1330 612 1368 morbo
622 1330 707 1369 Hiskias
718 1328 757 1367 fuit
769 1341 809 1368 ser-

66 1395 144 1444 vatnsf,
162 1401 220 1435 natus
236 1403 266 1436 est
280 1398 393 1437 Manasse³.
417 1397 457 1446 Qui
473 1411 518 1435 cum
532 1391 608 1436 ΧΠῙΠῙΟ
624 1398 695 1436 aetatis
713 1410 765 1436 anno
783 1397 809 1434 ad

66 1477 148 1515 regnum
160 1465 292 1515 pervenisset,
305 1465 337 1503 vel
349 1465 431 1504 nefariis
444 1465 585 1516 magistrorum
598 1465 687 1505 consiliis
693 1464 708 1513 4,
720 1464 751 1503 vel
763 1478 810 1515 pra-

66 1545 136 1570 vorum
148 1532 234 1571 forsitan
245 1533 354 1571 amicorum
365 1533 463 1572 illecebris
475 1533 580 1581 seductus,
595 1533 642 1584 ipsa
658 1534 740 1583 insuper
751 1537 809 1571 natu-

66 1613 102 1638 rae
113 1599 223 1639 vitiositate
236 1600 360 1648 stimulante,
377 1606 397 1639 et
408 1601 526 1639 connivente
536 1601 638 1639 inventute
650 1601 676 1639 ad
689 1601 756 1639 omnia
767 1612 809 1637 ma-

66 1669 133 1706 lorum
149 1667 273 1706 irritamenta
292 1681 363 1718 parum
378 1667 474 1715 mnnita⁵,
490 1680 514 1705 eo
526 1669 613 1707 excessit
623 1667 771 1718 perversitatis,
788 1672 810 1704 ot

67 1749 175 1787 numquam
190 1735 291 1774 atrociora
306 1736 355 1773 vitia
371 1736 455 1774 viderint
469 1734 619 1787 Hierosolyma.
638 1735 692 1775 Nam
708 1736 809 1775 destructo

66 1803 150 1842 Domini
161 1803 203 1841 vivi
213 1803 296 1854 verique
307 1803 371 1852 cultu,
389 1816 448 1855 quem
460 1816 538 1843 summa
553 1816 597 1842 cum
610 1803 713 1854 diligentia
724 1809 744 1842 et
755 1802 810 1843 solli-

104 1943 120 1983 1)
131 1940 165 1973 Ies.
176 1941 268 1982 XXXIX,
280 1943 296 1974 5.
309 1941 325 1973 6.

101 1998 118 2039 2)
132 1998 233 2038 Quindecim
252 1998 293 2030 anni
311 1997 384 2030 Hiskiae
403 2003 443 2040 post
461 1998 540 2032 morbum
558 2004 607 2032 erant
624 1999 715 2039 destinati,
732 1998 762 2031 cfr.
777 1998 811 2030 Ics.

67 2055 176 2096 XXXVIII,
188 2056 208 2097 5,
223 2056 305 2088 Manasse
320 2059 377 2088 autem
394 2054 483 2087 duodecim
499 2065 553 2089 annos
569 2061 619 2090 natus
631 2067 689 2089 rerum
701 2057 767 2099 potitus
780 2059 812 2096 est,

70 2112 129 2154 2Reg.
140 2113 194 2152 XXI,
208 2114 222 2145 1.
235 2111 444 2153 transimennum,
458 2115 474 2145 l.

104 2167 121 2208 3>
133 2167 219 2208 Quoniam
230 2170 249 2201 in
260 2170 278 2201 ll.
290 2179 313 2201 ss.
325 2169 410 2202 malorum
422 2179 482 2211 regum
497 2173 547 2211 gesta
561 2170 672 2202 festinantius
687 2170 744 2202 solent
760 2179 811 2211 cxpe-

70 2226 112 2267 diri,
125 2226 148 2258 ad
160 2226 297 2258 concinnandam
309 2225 396 2258 Manassis
411 2225 512 2267 historiam,
528 2228 591 2270 quippe
606 2227 634 2269 qui
646 2226 678 2259 Lv
693 2236 758 2267 annos,
775 2226 812 2258 diu-

69 2284 134 2315 tissime
150 2283 235 2323 omnium,
250 2284 358 2324 regnaverit,
373 2287 442 2325 praeter
457 2293 487 2323 ea,
503 2292 547 2324 qliae
563 2293 585 2316 ex
598 2285 637 2325 ipso
649 2282 731 2316 Nahumo
746 2287 813 2326 patent,

69 2340 113 2372 nihil
131 2340 205 2382 pertinet
220 2340 254 2372 nisi
273 2339 332 2381 aneg.
341 2340 393 2380 XXI,
405 2350 421 2371 v.
431 2340 487 2373 1—19
501 2344 518 2372 et
527 2339 812 2381 ‘lParaliprXXIILnl—ffl.

71 2397 138 2430 Contra
152 2397 238 2430 Erramus
254 2395 323 2438 <Gessit
340 2396 371 2430 des
382 2396 449 2430 Volkes
461 2396 516 2430 Israel
526 2395 564 2438 III,
579 2405 599 2437 a,
613 2407 630 2439 p.
637 2396 672 2429 364
680 2395 709 2437 ss.)
726 2398 813 2439 egregiam

70 2454 145 2487 fontium
157 2454 217 2486 silvam
229 2453 269 2487 hnic
280 2454 354 2497 tempori
366 2454 451 2495 obtrudit,
462 2454 626 2496 Deuteronomiurn‚
640 2454 703 2486 librum
716 2454 764 2495 Iobi,
779 2454 813 2487 Ies.

69 2510 273 2552 L11,13-L111,1a
296 2511 462 2553 tvae-nvn,
475 2513 506 2553 11,
529 2511 679 2552 Ps.X‚1-11,
699 2510 753 2552 XVI,
774 2511 813 2552 XO,

70 2567 215 2601 CXL—CXLII
227 2568 264 2609 all,
277 2578 320 2610 quos
332 2578 392 2601 omnes
403 2569 455 2611 longe
467 2568 505 2600 aliis
513 2568 619 2610 temporibus
629 2567 751 2601 adscribendos
759 2569 814 2601 eccle-

71 2626 106 2658 siae
117 2634 181 2665 magno
193 2634 278 2657 consensu
290 2635 388 2666 censemus,
405 2635 426 2658 ac
440 2627 480 2658 licet
496 2625 518 2658 ad
533 2626 632 2658 universam
646 2635 704 2658 rerum
719 2627 814 2659 enarratio-

70 2693 119 2723 nem,
132 2682 173 2714 satis
185 2682 280 2713 luculenter
292 2686 309 2714 et
321 2682 409 2724 praeclare
421 2683 442 2715 ab
456 2694 476 2715 eo
488 2683 593 2724 institutam,
606 2684 706 2726 opinionum
716 2688 814 2716 commenta

69 2741 100 2773 illa
111 2749 146 2771 non
158 2747 262 2780 magnopere
274 2739 397 2781 pertinuerint,
405 2744 463 2772 tamen
474 2741 493 2772 in
505 2741 576 2783 singulis
588 2741 649 2781 rebus,
661 2739 725 2775 fictitiis
736 2738 813 2772 fontibus

69 2798 103 2829 illis
116 2797 177 2835 nixus,
188 2793 235 2827 haud
246 2803 301 2836 pauca
313 2795 405 2830 arbitrario
417 2796 511 2830 contendit.

105 2854 122 2895 4)
134 2853 169 2887 Cfr.
182 2852 242 2885 Hnssu
254 2851 356 2885 Geschichte
369 2853 400 2887 der
411 2853 481 2898 Konigc
492 2854 520 2894 II,
532 2865 548 2897 p.
558 2854 590 2888 itt
599 2865 621 2888 ss,

106 2909 122 2949 ὁ)
136 2909 170 2943 Cir.
185 2908 241 2957 Knuu
252 2909 263 2941 1.
271 2909 283 2941 l.
295 2920 311 2951 p.
320 2909 359 2943 559.
