1889 3264
375 187 424 226 Otr.
434 187 464 235 Π,
476 200 495 225 v.
506 191 533 225 ra.
791 183 821 228 33

80 340 104 345 -
118 315 155 353 tut
167 321 194 353 est
208 316 287 353 instram
302 314 387 358 leonum,
403 318 422 349 et
433 322 536 361 pesonam,
552 313 604 361 qood
617 319 668 359 erat,
684 313 757 350 lectiam
772 311 824 348 taue-

79 384 135 422 mtm?
144 384 175 421 ubi
182 383 279 421 incedebat
283 383 317 427 leo7
326 382 397 425 leaena,
407 380 480 417 catalus
488 379 554 427 tectas,
564 393 597 418 aec
606 387 649 418 crat
657 383 690 430 qai
698 380 824 417 turbaret?-

31 500 32 503 ,
114 450 193 491 Similes
211 449 338 502 quaestiones
354 447 473 486 insultantes
489 446 583 486 simulet
599 448 726 498 deplorantes
738 448 773 485 cfr.
785 447 823 486 Ies.

80 519 143 567 XIX,
156 522 183 556 22.
195 517 300 564 XXXIII,
315 519 342 554 18.
354 514 459 562 XXXVI,
470 516 497 551 19.
510 514 625 564 XXXVII,
639 519 660 553 13
672 516 705 554 all.
727 525 764 554 nm
783 515 825 554 usi-

80 588 141 625 tatior
156 599 214 637 pron.
230 586 324 633 interrog.
342 584 408 621 fornia
424 595 468 621 cum
481 593 495 620 η
510 595 579 633 parag.
608 593 655 632 uum
675 584 699 621 de
713 583 824 621 thoumre-

81 654 188 705 ceptaculis
201 653 249 691 alibi
261 652 344 698 dictum,
361 651 399 689 Ier.
412 650 455 699 IX,
469 654 496 689 10.
512 650 543 697 X,
556 653 584 689 22.
602 650 683 699 XLIX,
695 653 724 689 33.
741 649 782 697 LI,
795 653 824 688 37.

81 732 140 765 nmis
158 722 204 759 iem.
217 720 268 770 plur.
285 719 361 769 species
374 732 418 757 oum
430 719 512 757 notione
524 719 643 767 masculina,
661 719 690 758 uti
701 723 758 769 patet
770 731 780 756 e
791 732 824 756 vv.

81 789 151 839 2R-eg.
164 788 237 836 XVII,
250 789 283 835 253
297 788 331 825 cfr.
344 787 388 826 Ew.
402 787 419 837 ξ.
430 789 472 835 177,
486 799 508 835 ες
520 786 555 824 Ps.
567 787 641 835 XXII,
653 790 682 826 21.
700 786 778 825 Leones
790 799 825 824 va-

81 857 116 895 riis
128 857 160 894 hic
172 856 287 906 designatos
298 854 411 894 nominibus
427 854 533 893 habemus:
557 864 604 892 '1³53
624 854 718 902 villosus,
734 854 747 892 i.
761 866 777 892 e.
793 853 825 892 leo

81 924 169 972 iuvenis,
193 934 242 962 truite
257 934 290 966 ἠπ
305 923 337 961 leo
350 923 437 969 catulus;
459 933 492 966 iti
507 921 579 961 Enoch.
585 922 648 971 XIX,
658 925 692 961 23
697 937 703 969 ;
715 922 750 961 Ps.
756 921 825 970 XXV,

81 994 115 1039 at,
133 991 194 1029 semel
212 990 236 1028 de
251 991 304 1030 thois
316 991 382 1029 catulo
394 991 469 1028 dictum
480 990 554 1028 Thren.
567 989 603 1039 IV,
615 993 638 1038 33
655 995 757 1041 postremo
777 986 826 1030 amb

81 1059 151 1097 leaena
163 1059 198 1096 cfr.
211 1058 320 1097 Boonsnrr
331 1058 413 1097 Hieron.
425 1058 445 1106 Ι,
458 1061 503 1106 719;
521 1057 600 1097 Gnsrn.
617 1058 668 1097 thes.
681 1072 697 1097 s.
709 1071 740 1105 v.;
752 1063 826 1096 temere

82 1125 208 1165 citiusne-s
224 1126 258 1164 all.
274 1127 353 1164 leonem
364 1138 462 1164 annosum
476 1126 596 1177 intelligunt.
625 1125 700 1164 Leonis
716 1125 825 1165 similitudo

81 1199 178 1244 tanquam
193 1194 245 1244 regIS
262 1194 373 1233 belluarum
389 1193 494 1233 fortissimi
510 1199 530 1232 et
544 1193 670 1243 rapacissimi
686 1193 740 1243 apud
758 1205 826 1232 omues

82 1267 151 1312 gentes
168 1261 295 1300 celeberrima
311 1268 341 1301 est
348 1262 360 1299 ¹.
388 1262 450 1312 Apud
464 1262 562 1312 Assyrios
578 1262 667 1300 maxima
682 1261 724 1300 eins
739 1261 826 1311 dignitas

82 1334 136 1377 erat,
150 1330 179 1367 uti
191 1342 201 1368 e
214 1330 332 1368 creberrimo
345 1329 386 1369 eius
395 1343 433 1369 usu
442 1330 469 1368 ad
476 1329 593 1368 exornanda
601 1342 662 1378 vasa,
674 1334 750 1376 vestes,
763 1341 826 1377 arma,

81 1397 177 1447 ipsasque
189 1397 248 1436 etiam
260 1398 395 1436 aedificiorum
411 1403 431 1435 et
442 1397 566 1436 conclavium
578 1403 648 1447 portas
659 1396 735 1447 passim
746 1397 768 1434 in
784 1408 827 1434 mo-

82 1464 182 1503 numentis
195 1465 255 1504 obvio
267 1465 391 1515 intelligitur.
403 1488 428 1493 —-
445 1475 503 1505 :titio
516 1465 577 1503 Httz.
596 1478 637 1503 non
649 1470 718 1515 aptum
731 1476 774 1503 esse
785 1464 827 1502 leo-

82 1545 129 1570 num
142 1532 258 1582 cogitationi
270 1534 373 1584 opinatum
390 1539 412 1571 at
428 1532 463 1571 ubi
474 1532 552 1571 habitat
562 1533 605 1581 leo,
621 1533 650 1571 ibi
666 1532 827 1571 circumiacentes

83 1612 163 1652 quoque
174 1600 230 1639 locos
242 1601 280 1640 sibi
293 1601 365 1639 electos
377 1601 448 1648 habet,
461 1600 496 1651 qui
508 1601 595 1651 opimam
607 1601 758 1639 subministrent
768 1612 826 1650 prae-

83 1668 135 1706 dam,
151 1673 196 1707 attis
207 1669 366 1719 coniungendam
379 1681 422 1706 eum
434 1673 478 1716 mu,
496 1669 531 1707 cfr.
544 1668 589 1707 Ew.
601 1668 619 1719 ξ.
628 1671 672 1716 321,
685 1668 703 1706 d.
727 1677 758 1707 :a
779 1667 827 1706 sim-

82 1735 161 1785 pliciter
177 1735 243 1774 audit:
258 1736 303 1784 ubi,
319 1735 389 1775 melius
406 1749 466 1787 quam
483 1749 530 1787 quo
546 1736 634 1786 (Tuam,
647 1736 708 1786 Est),
727 1735 769 1774 scil.
787 1748 827 1786 quo

83 1804 181 1841 condebat
195 1803 277 1853 rapinas
294 1810 314 1842 ct
330 1804 444 1842 devoranda
456 1804 577 1842 conferebat.
595 1799 636 1853 aba
650 1803 712 1842 ΗΙΤΖ.
724 1802 828 1854 apposite:

84 1871 126 1909 sich
138 1871 224 1922 etgieng.
243 1883 305 1911 vitm
320 1881 359 1922 pst
380 1885 477 1911 summam
488 1872 564 1911 indicat
575 1872 607 1910 vel
618 1884 687 1922 pacem
702 1876 722 1910 et
733 1870 828 1910 securita-

84 1944 124 1976 tem
131 1937 144 1986 ²,
161 1938 195 1978 tel
205 1939 316 1989 potentiam
329 1940 508 1989 etauctoritatem,
525 1952 586 1991 quam
601 1952 659 1977 nemo
672 1939 732 1978 audet
743 1939 831 1987 turbare,

85 2006 120 2044 cfr.
130 2006 178 2046 Len.
188 2007 267 2056 XXVI,
278 2011 288 2046 6
294 2022 300 2055 ;
312 2007 373 2047 Deut.
383 2007 483 2055 XXVHI,
492 2011 525 2055 2ss;
534 2008 598 2046 Mron.
608 2007 645 2056 IV,
654 2011 676 2055 43
685 2007 723 2047 Ies.
733 2007 802 2054 XVII,
811 2009 832 2054 23

84 2074 145 2125 Zeph.
158 2075 200 2123 III,
214 2078 235 2112 13
248 2074 295 2113 all.³
354 2094 356 2097 v

430 2259 448 2284 u.
462 2249 490 2284 13.

120 2343 254 2384 Continuatur
269 2346 386 2396 magnificae
402 2345 538 2386 similitudinIs
550 2347 660 2397 expositio:
676 2347 718 2385 Leo
735 2349 767 2397 qai
784 2347 833 2384 clita-

87 2412 163 2449 cerabot
171 2426 209 2463 pro
222 2414 289 2452 catulis
301 2416 349 2460 sats,
365 2420 384 2452 ot
394 2415 502 2463 suffocabat
509 2427 547 2465 pro
563 2416 633 2453 leucate
648 2417 697 2462 sats,
713 2421 731 2453 et
745 2415 835 2465 ttttplebot

86 2505 221 2514 5——

122 2563 139 2603 1)
152 2563 187 2596 Gfr.
200 2562 392 2608 BmmnSymoot.1,
406 2567 439 2600 343
452 2577 474 2599 ss.

121 2618 139 2660 2>
151 2619 237 2659 Quidnam
249 2621 293 2654 haec
304 2621 337 2655 sibi
348 2634 383 2655 vox
395 2625 437 2656 velit
448 2622 478 2656 ubi
491 2625 513 2656 de
522 2624 641 2657 Israelitarum
653 2622 753 2656 conditione
766 2623 833 2664 dicitur,

88 2677 168 2718 exposuit
179 2677 200 2710 F.
213 2680 235 2711 A.
248 2677 318 2711 Strauss
330 2680 353 2712 ad
364 2680 416 2723 Zeplt.
429 2681 467 2722 III,
480 2682 507 2714 13.

122 2733 139 2774 3)
152 2732 208 2772 Quam
220 2735 274 2766 futilis
286 2737 309 2768 sit
320 2735 408 2770 Kstmsrut
423 2740 478 2780 ratIo,
495 2749 504 2771 c
520 2738 557 2771 solo
573 2742 635 2770 eventu
651 2737 673 2770 de
688 2739 773 2771 vaticiniis
789 2738 834 2770 iudi-

88 2795 147 2832 cante,
162 2792 258 2824 luculenter
273 2794 359 2826 scntentia
372 2796 408 2827 eius
421 2795 443 2828 de
455 2795 488 2828 hoc
499 2805 581 2838 expressa
593 2805 643 2828 versu
656 2795 714 2828 docet:
730 2804 781 2836 posse
792 2795 836 2828 haec

87 2847 141 2880 verba
152 2847 175 2880 ad
191 2849 256 2891 reglam
273 2851 392 2884 tantummodo
409 2854 504 2894 pertinere,
520 2863 558 2885 cum
573 2853 614 2886 urbs
628 2853 692 2895 partim
707 2856 769 2895 postea
783 2853 836 2886 fuerit

89 2906 177 2938 restituta!
190 2906 220 2938 csr.
232 2917 284 2950 supra
295 2919 311 2950 p.
321 2909 348 2939 27.

675 2967 702 2998 ὃ*

729 2994 745 3048 l
