1889 3264
358 191 437 238 01111,
449 205 468 230 v.
478 193 505 230 3a
514 214 527 218 -
537 195 553 229 t.

82 316 151 354 larem.
164 315 243 365 XLVI,
256 320 278 356 28
292 318 360 356 eodem
373 317 433 355 effato
446 316 544 354 clauditur
556 315 670 354 vaticinium
682 316 826 368 deAegyptio-

82 397 125 421 rum
137 384 223 424 interitu.
247 386 342 425 Videmus
357 385 418 435 igitur
430 384 568 434 exstinguendi
579 389 699 434 potestatem
711 398 747 423 nec
759 397 826 424 neces·

83 453 155 490 sariam
167 453 195 491 ibi
208 466 261 502 esse,
274 467 310 491 neo
323 454 348 490 ob
361 452 503 490 sententiarum
514 464 587 489 nexum
600 465 663 503 aeque
675 465 718 492 esse
732 453 826 491 idoneam

82 526 142 570 atque
153 521 236 560 alteram
247 521 302 559 illam
314 521 414 558 insontem
426 519 548 567 declarandi,
560 520 661 568 impunem
674 520 790 558 dimittendi.

116 587 173 637 Quae
184 602 228 626 cum
240 588 269 625 ita
281 588 332 635 sint,
349 587 436 637 genuina
447 587 553 625 verborum
568 592 666 636 potestate
682 587 764 635 moniti,
780 600 825 626 sua·

82 657 139 694 dente
154 657 235 705 insuper
255 660 325 705 aperto
345 655 392 693 libri
406 655 468 693 Ionae
487 661 589 704 respectu,
610 655 730 693 hemistichii
745 656 826 694 huiusce

82 725 143 761 verba
154 735 194 760 11011
206 723 232 760 ad
240 722 334 761 Israelem
347 724 382 762 sed
394 723 419 761 ad
428 723 525 773 Assyrios
533 722 652 770 referamus,
666 735 711 761 cum
721 722 825 771 Menenio,

81 790 209 837 Knnrnsuro,
225 789 351 829 Kannnnnro
363 791 396 829 all.
421 789 461 839 Qui
476 790 560 828 alteram
576 796 686 841 sequuntur
701 790 826 838 sententiam,

82 857 196 910 oppositam
207 857 239 895 hic
250 857 316 896 versui
333 859 419 897 secundo
435 870 526 896 caussam
543 857 611 896 indicii
622 857 707 897 habent:
724 871 765 896 nou
782 871 827 896 acre

82 925 146 963 solum
159 925 190 963 dei
201 925 301 976 ingenium
313 932 333 964 et
343 926 394 964 iram
405 931 431 964 et
446 925 554 964 ulciscendi
569 925 697 975 cupiditatem
712 926 734 964 in
750 928 826 974 hostes,

81 1005 151 1030 verum
162 993 244 1043 longum
256 994 316 1032 etiam
328 1006 375 1045 erga
387 998 465 1044 gentem
483 1006 540 1032 suam
552 993 649 1042 animum,
667 1000 687 1032 et
702 994 827 1044 omnipoten-

81 1060 142 1109 tiam,
155 1074 195 1112 qua
207 1061 285 1100 salvare
297 1074 340 1100 eam
349 1066 427 1112 potest,
440 1066 460 1100 et
468 1061 636 1111 misericordiam,
649 1075 689 1113 qna
700 1062 827 1112 exstinguere

82 1141 116 1166 eos
129 1138 148 1166 et
160 1129 224 1166 delere
236 1142 277 1167 non
288 1129 337 1167 vult.
359 1129 415 1179 Quae
427 1129 473 1167 licet
484 1129 587 1179 praeclara
599 1130 626 1168 sit
637 1129 743 1180 cogitatio,
757 1130 827 1168 cedere

82 1201 148 1234 tamen
160 1197 281 1247 argumentis
293 1210 354 1247 supra
365 1197 463 1248 expositis
475 1198 559 1236 debebit.

116 1264 233 1312 „Hactenus
245 1270 310 1303 antem
322 1265 403 1303 minime
415 1265 536 1313 declaratur,
550 1266 598 1316 quid
606 1264 662 1304 Deus
674 1271 754 1305 acturus
766 1266 826 1304 modo

82 1337 145 1380 esset,
157 1332 188 1370 vel
201 1332 296 1371 adversus
306 1332 419 1380 Ninivitas,
432 1332 463 1370 vel
476 1333 572 1372 adversus
583 1332 680 1380 Iudaeos,
693 1335 766 1371 nedum
778 1333 827 1384 quid

82 1399 154 1449 egerit,
167 1399 218 1437 sicut
226 1399 317 1438 Hrnnon.
328 1400 376 1438 dicit
388 1413 431 1439 esse
440 1413 509 1438 vocem
520 1401 631 1451 prophetae
642 1400 744 1439 laudantis
753 1401 826 1450 Deum,

82 1467 136 1517 qnod
149 1467 173 1504 de
185 1467 276 1517 Assyriis
289 1468 360 1518 populi
372 1468 403 1506 sui
414 1468 467 1506 ultus
480 1469 506 1506 sit
517 1468 620 1515 iniuriam3
633 1469 668 1507 sed
679 1469 743 1518 ipsius
755 1474 827 1507 natura

82 1534 185 1584 elegendi
197 1535 248 1572 ratio
261 1535 348 1584 docetur,
362 1548 406 1573 cum
417 1541 509 1586 respectu
520 1535 572 1575 forte
584 1536 664 1588 quidem
676 1536 744 1587 aliquo
757 1538 783 1575 ad
794 1537 827 1575 111-

83 1602 143 1640 daeos
160 1602 194 1639 diu
208 1602 248 1639 iarn
263 1603 345 1651 punitos
355 1633 359 1642 .
370 1632 374 1642 .
386 1633 405 1642 ..
423 1603 457 1642 sed
474 1603 534 1654 longe
552 1604 616 1655 magis
636 1605 662 1642 ad
677 1604 745 1643 hostes
762 1606 827 1654 Assy-

81 1669 123 1708 rios
136 1672 186 1708 etc.“
210 1669 325 1709 atracinus

383 1843 398 1880 b.
422 1856 441 1880 r.
454 1843 527 1880 3b—ss.

118 1943 150 1980 Ad
161 1943 213 1980 hanc
225 1943 255 1981 dei
267 1948 359 1981 naturam
371 1943 494 1981 referendum
510 1949 551 1991 est,
568 1943 632 1994 quod,
650 1943 684 1981 ubi
696 1942 786 1992 procedit
802 1943 828 1980 ad

84 2010 232 2062 exsequendum
243 2011 337 2049 iudicium
347 2011 375 2062 (v.
384 2011 432 2063 311),
445 2011 571 2049 exsiccantur
583 2011 654 2049 ardore
665 2010 707 2048 irae
720 2009 761 2049 eius
773 2023 829 2049 mare

84 2084 103 2116 et
114 2078 182 2126 fluvii,
198 2079 280 2117 arbores
296 2085 315 2117 et
330 2092 406 2129 pascua
420 2080 552 2129 languescunt
563 2078 591 2128 (v.
602 2080 633 2130 4),
646 2078 739 2117 universa
758 2091 829 2117 concu-

84 2147 132 2183 titur
147 2151 167 2183 et
185 2147 256 2184 misere
274 2160 318 2184 cum
333 2147 404 2186 incolis
423 2146 522 2185 exclamat
537 2152 591 2185 terra
607 2146 635 2196 (v.
648 2147 727 2198 5);=ita
742 2151 765 2183 ut
780 2146 830 2183 1111111

83 2226 132 2263 prae
148 2213 190 2252 cius
204 2213 236 2251 ira
252 2219 306 2252 stare
321 2215 397 2265 possit,
419 2215 453 2266 qui
468 2214 593 2253 firmissimas
612 2227 672 2264 rupes
690 2214 711 2252 in
726 2213 828 2264 pulverem

85 2280 193 2320 contundit.

118 2350 178 2388 Prius
189 2362 248 2397 vero,
265 2362 324 2400 qumu
342 2350 367 2388 ad
383 2350 522 2400 explicandam
538 2350 589 2387 hanc
606 2348 695 2388 vaticinii
709 2349 829 2399 particulam

85 2419 211 2466 accedamus,
228 2417 361 2469 quaerendum
373 2418 462 2466 videtur,
482 2417 584 2469 quidnam·
593 2417 672 2455 omnino
689 2417 738 2456 haec
750 2417 788 2456 sibi
801 2417 829 2455 di-

84 2486 143 2524 vinae
162 2487 264 2536 potentiae
280 2485 327 2525 velit
348 2486 461 2536 descriptio.
489 2485 543 2524 Nam
559 2499 603 2524 cum
623 2498 724 2533 caussam,
744 2499 769 2523 en
790 2499 830 2536 qua

85 2554 182 2592 eiusmodi
194 2554 315 2605 aliquidaut
326 2554 444 2605 praecedere
456 2559 491 2592 aut
503 2553 559 2604 sequi
574 2553 639 2592 soleat
650 2554 793 2603 prophetarum
806 2553 830 2592 de

84 2621 162 2659 indiciis
178 2622 250 2660 futuris
267 2622 319 2660 edita
335 2622 426 2670 oracula,
445 2627 498 2660 recte
514 2621 586 2660 viderit
602 2620 707 2659 OnLvas
722 2620 758 2671 (ad
770 2619 829 2660 Sach.

85 2689 138 2737 XII,
151 2690 179 2740 Q:
197 2688 251 2736 „Ubi
264 2689 322 2727 dere
334 2689 410 2728 difficili
422 2689 497 2740 agitur,
510 2689 550 2728 nisi
560 2694 651 2727 occurrat
662 2688 721 2727 nobis
732 2689 830 2727 immensa

86 2758 116 2796 dei
137 2757 236 2807 potentia,
257 2757 326 2806 friget,
348 2758 443 2809 quicquid
463 2757 521 2796 nobis
542 2756 689 2807 prornittitur:“
712 2757 831 2796 dissentiunt

86 2832 153 2864 tamen
168 2837 288 2876 magnopere
303 2825 432 2875 interpretes,
452 2826 503 2864 sitne
518 2825 612 2875 proprius
628 2837 696 2862 eorum
708 2837 777 2863 sensns
789 2829 830 2863 sta-

88 2894 181 2943 tuendus,
198 2906 224 2932 an
239 2892 349 2931 translatus
365 2906 401 2943 per
416 2893 571 2932 similitudinem.
597 2892 697 2943 Quattuor
714 2893 755 2931 fere
770 2894 831 2931 inter-
