1889 3264
371 175 421 214 Gar.
429 175 460 222 II,
473 186 493 213 v.
504 178 519 213 1.
785 170 816 215 49

75 306 122 342 beat
137 300 204 352 sequi:
226 299 306 346 celebro,
319 300 380 344 Iuda,
388 300 441 347 festu
453 304 498 343 tuo,
514 298 640 336 erroneam
652 300 699 336 tao!
719 310 756 339 aaa
772 310 819 348 pro-

75 371 129 421 prie:
147 368 223 408 versari
234 368 254 406 in
266 379 351 418 gyrum,
368 372 410 404 tum
422 377 481 412 vere,
495 365 520 403 ob
533 364 615 404 choreas
630 378 698 404 sacras
710 365 819 412 sabandas,

76 437 175 476 celebrare
190 437 273 481 festum,
290 434 358 472 addito
374 433 416 471 fere
433 445 498 472 accus.
514 446 539 473 an
553 432 601 471 Lev.
611 433 695 480 XXIII,
708 435 742 480 393
759 432 819 471 Num.

75 505 160 552 XXIX,
174 507 206 551 123
223 502 281 541 Sach.
291 501 349 549 XIV,
363 503 389 538 16.
403 502 430 538 18.
445 503 472 538 19,
500 499 561 539 Festa
573 505 639 539 zeutem
655 499 727 539 saora¹
743 500 819 539 duabus

76 572 106 610 cx'
114 571 190 610 caussis
201 570 294 608 iubentur
306 568 434 614 celebranda3
451 567 547 617 primum,
561 567 615 617 quod
627 572 680 605 terra
691 568 717 605 ab
729 566 820 607 hostibus

77 640 170 686 obsessa,
182 636 260 676 institui
272 649 312 674 non
323 640 420 686 possunt,
431 640 492 687 atque
504 636 565 683 adeo,
578 635 595 674 si
607 634 741 681 celebrantur,
754 635 820 674 nullos

77 719 113 744 nec
129 706 204 744 eminus
220 717 257 742 nec
278 704 366 742 cominus
386 715 457 753 urgere
474 703 542 742 hostes
558 703 696 754 consequitur3
715 707 758 740 tum
773 715 820 741 vero

77 773 173 811 festorum
185 771 292 819 maiorum,
310 783 362 821 quae
379 771 456 819 dicunt,
477 783 581 809 commune
595 769 645 808 illud
662 776 703 817 est,
724 769 779 820 quod
795 771 821 808 ad

77 839 256 877 redemtionem
268 838 405 876 celebrandam
413 837 522 888 pertinent,
534 837 613 876 Pascha
622 838 673 875 enim
681 837 822 875 instituebatur

78 907 105 945 ad
115 906 248 944 revocandam
259 906 373 943 memoriam
387 905 446 943 exodi
464 918 490 942 err
502 906 607 955 Aegypto,
622 904 761 954 promulgatae
771 904 821 955 legis

78 974 206 1020 Pentecoste,
224 971 362 1023 Scenophegia
373 973 450 1022 gratiae
465 977 485 1010 et
496 971 652 1020 misericordiae,
670 984 730 1023 qnam
743 984 778 1022 per
789 972 822 1010 de-

78 1045 132 1079 serta
143 1040 188 1078 loca
199 1052 248 1090 gens
260 1046 344 1090 experta
360 1045 412 1088 erat,
429 1040 491 1078 donec
506 1039 626 1090 promissam
642 1046 716 1077 terram
732 1039 822 1078 Intravit.

79 1107 146 1156 Quare
162 1108 200 1145 hac
219 1107 371 1157 compellatione
390 1107 530 1145 redemtionem
547 1108 572 1145 ab
588 1107 680 1156 Assyriis
695 1112 743 1145 tune
759 1119 823 1157 prope

79 1180 154 1213 instare
165 1174 250 1213 dilucide
261 1174 389 1225 significatur.
406 1174 445 1212 Est
456 1179 532 1223 antem,
545 1174 574 1213 uti
582 1174 646 1224 probe
655 1179 713 1213 notat
720 1173 821 1222 Ursam,

79 1241 220 1290 „annunciatio
232 1242 305 1292 partim
317 1241 458 1292 gratulatoria,
471 1241 544 1292 partim
556 1242 719 1289 exlrortatoria;“
731 1247 823 1280 monetur

80 1309 139 1347 etiam
151 1309 237 1359 populns
249 1309 312 1348 atroci
326 1309 453 1348 idololatriae
464 1308 552 1357 deditus,
569 1313 591 1347 nt
603 1309 628 1348 ad
640 1322 708 1347 verum
721 1308 822 1347 dominum

79 1389 136 1415 suum
148 1382 208 1427 atque
219 1382 326 1427 patronum
338 1376 442 1415 colendum
453 1377 538 1423 rediret3
556 1377 615 1415 sicuti
626 1376 721 1416 Manasse
732 1390 743 1415 e
753 1377 822 1426 Baby-

79 1443 178 1482 loniorum
194 1443 278 1483 vinculis
298 1444 394 1483 liberatus
415 1443 483 1482 statim
500 1444 582 1482 deorum
600 1444 674 1482 cultum
692 1456 730 1494 pro
746 1444 824 1483 viribus

80 1511 245 1561 exstinguendum
257 1516 277 1550 et
292 1524 349 1550 sacra
363 1511 441 1562 legibus
452 1511 546 1550 Mosaicis
561 1511 686 1561 praescripta
701 1511 823 1552 restituenda

81 1579 168 1625 curavit3
184 1578 272 1617 2Paral.
283 1579 389 1626 XXXIII,
403 1582 430 1616 io.
458 1578 512 1617 Idem
530 1579 571 1617 fere
586 1591 656 1617 sensus
672 1578 754 1617 alterius
769 1591 823 1617 com-

80 1645 193 1695 pellationis
209 1651 249 1684 est:
271 1656 327 1694 arim
342 1642 406 1686 aab„
432 1644 500 1683 Vota²
515 1648 625 1696 nuncupari
641 1646 733 1685 solebant
749 1647 774 1685 ab
791 1645 823 1694 iis,

82 1713 116 1763 qui
127 1713 184 1763 gravi
195 1713 288 1763 angustia
299 1712 457 1760 continebantur,
470 1713 548 1752 exsolvi
560 1719 626 1752 autem
637 1713 744 1763 impetrata
753 1714 823 1753 salute.

82 1779 177 1831 Sequitur
188 1792 235 1832 ergo
248 1793 274 1819 ex
285 1780 316 1818 his
327 1780 404 1829 verbis,
421 1780 483 1819 fuisse
495 1781 555 1820 etiam
567 1782 592 1819 ab
605 1781 696 1832 Assyriis
707 1781 824 1831 periculum,

82 1860 126 1886 curn
138 1848 228 1886 ederetur
239 1847 360 1886 vaticinium.

116 1913 246 1966 subiungitur
262 1921 302 1954 tarn
314 1915 378 1953 nuntii
389 1915 447 1963 laeti,
464 1928 524 1967 qnam
538 1915 635 1954 festorum
651 1921 671 1954 et
682 1921 775 1954 votorum
790 1929 825 1955 ex-

82 1983 212 2021 hibendorum
224 1995 304 2031 caussa,
321 1987 341 2021 et
352 1983 443 2033 negative
459 1988 478 2021 et
494 1983 580 2033 positive
595 1996 702 2034 expressa:
723 1996 761 2021 aea
778 1986 826 2022 eatan

83 2051 140 2089 addet
154 2051 239 2089 Incedere
253 2063 310 2100 srrpcr
322 2057 339 2089 te
350 2063 439 2100 aequora,
456 2057 505 2089 totae
521 2053 621 2089 abstinetur
633 2058 664 2089 est.
693 2061 735 2102 aba
747 2051 827 2099 addere,

82 2118 136 2156 hand
148 2130 194 2156 raro
206 2118 331 2157 iterationem
343 2118 451 2169 significat,
464 2124 559 2170 sequente
567 2124 602 2157 aut
610 2118 719 2167 infinitivo,
732 2119 764 2157 vel
775 2119 827 2158 nude

83 2185 116 2224 vel
126 2186 217 2235 praefixo
229 2182 252 2237 b,
266 2190 301 2224 aut
312 2185 426 2236 praeterito.
450 2185 518 2224 Verbo
530 2196 572 2226 inv
590 2199 630 2224 non
647 2186 784 2225 inundationIs
795 2186 828 2225 vel

84 2253 158 2291 noxiae
174 2252 257 2292 alicuius
273 2253 397 2303 tempestatis
415 2253 523 2292 similitudo
539 2253 629 2292 subiecta
644 2259 684 2301 est,
706 2253 764 2292 sicuti
780 2253 801 2301 I,
817 2256 828 2291 ὃ

84 2320 115 2370 (1.
127 2320 154 2358 H.
167 2320 309 2372 ltlrcnannrs),
330 2321 365 2359 sed
382 2320 463 2359 viotons
479 2321 552 2359 victum
568 2321 651 2370 pedibus
668 2320 763 2359 calcantis
768 2334 774 2368 ;
792 2320 828 2358 cfr.

84 2387 122 2426 les.
132 2387 171 2435 LI,
184 2390 217 2426 23:
237 2393 270 2436 „et
282 2388 360 2426 tradam
371 2392 391 2426 te
402 2388 423 2426 in
435 2400 516 2426 manum
527 2386 658 2438 affligentium
669 2394 699 2436 te,
716 2387 750 2439 qui
762 2387 830 2426 dieunt

85 2455 163 2493 animae
178 2460 235 2493 tuae:
253 2462 357 2506 prosterne
373 2460 393 2493 te
409 2461 431 2494 ut
446 2461 570 2495 transeamus
582 2454 706 2505 (incedamus
723 2456 829 2507 superte),

86 2522 150 2560 etiae
162 2522 227 2561 terrae
244 2523 328 2562 simulem
340 2524 412 2573 corpus
431 2529 496 2572 tuum,
512 2524 544 2562 vel
556 2528 579 2561 ut
589 2524 643 2562 viam
660 2523 830 2562 transeuntibus.“

121 2705 138 2745 1)
149 2705 177 2737 De
189 2708 237 2739 omni
248 2708 332 2740 festorum
344 2709 412 2741 ratione
424 2709 454 2741 cfr.
466 2707 539 2741 Barnun
550 2708 610 2750 Symb.
618 2709 643 2749 Π,
655 2719 672 2751 p.
681 2709 714 2743 528
722 2718 753 2749 ss.;
765 2707 832 2740 annnr

85 2760 152 2794 Rcaltv.
165 2771 181 2794 a.
194 2773 210 2794 v.
620 2761 622 2764 ’

121 2819 138 2859 2)
150 2819 178 2852 De
193 2820 239 2851 vous
254 2819 284 2852 cfr.
300 2819 373 2853 Bannnn
388 2821 442 2861 symb.
455 2821 482 2860 II,
498 2832 513 2862 p.
522 2821 562 2852 352.
575 2821 617 2859 3713
638 2820 697 2853 anan
709 2821 775 2854 Itealv,
788 2830 804 2853 a.
816 2830 832 2852 v⁴

87 2874 172 2907 Hnnosrn.
184 2875 213 2907 die
225 2874 321 2927 Opierder
332 2875 349 2907 h.
362 2874 410 2908 Schr.
424 2888 440 2918 p.
449 2877 477 2909 38.
595 2874 597 2877 ’

663 2934 675 2964 4
