1889 3264
360 152 408 192 Car.
418 153 460 202 ΠΙ,
473 167 491 192 v.
502 157 519 191 9.
764 149 810 196 105

68 280 168 322 existimo.
186 281 205 321 'u
220 288 271 338 ugo,
290 280 364 329 oratori
380 291 445 317 lauras
461 280 512 323 oium
531 287 585 320 motu
606 290 674 317 murus
694 277 813 329 principalis

69 356 109 398 est,
122 349 157 387 cfr.
170 347 249 387 orsnn.
263 346 519 395 thes.,W1unn1RW.I‚
532 360 551 397 p.
559 349 599 385 317.
614 345 737 385 Sententiam
748 347 813 397 probe

69 417 216 467 descripserunt
223 415 304 462 onae,
316 414 398 463 Maure,
411 414 483 453 Hira:
496 414 551 453 ouius
560 427 629 452 murus
638 414 688 453 mari
698 415 813 462 oonficitur;

38 479 40 481 ⁵
68 487 183 525 Boemnro
195 488 260 521 autem
273 482 379 547 etlilium,
397 482 432 533 qui
448 483 530 521 rubrum
542 487 562 520 et
573 482 738 521 mediterraneum
750 496 811 530 mare,

69 556 185 603 Aegyptum
206 551 304 601 cingentia
323 550 475 599 intellexerunt,
495 556 590 601 sequente
608 550 713 596 moranno:
738 551 813 598 „deren

69 622 138 660 Mauer
150 618 278 659 Schutzwehr
293 630 387 657 warren
399 618 453 657 Meer
469 632 494 656 zu
505 618 585 665 Meer‚“
603 618 671 656 obstat
686 624 765 668 praeter
782 632 813 657 ce-

70 696 123 736 tera,
142 687 197 738 quod
213 699 253 724 non
269 686 293 724 de
308 691 384 735 terrae,
403 687 439 725 sed
454 686 509 725 urbis
526 685 592 737 agitur
607 686 775 737 propugnaculis,
795 692 815 724 et

70 755 125 807 quod
135 754 216 806 lonqus
226 754 350 793 retardatum
362 754 388 793 ad
398 754 458 793 finem
470 767 534 805 usque
546 759 599 793 esset
610 763 687 797 mutoth.

422 937 441 962 v.
454 926 470 960 9.

104 1026 207 1074 Aethiopia
215 1024 333 1073 praestatum
345 1029 372 1062 ost
383 1030 402 1061 ot
413 1024 519 1073 Aegypton,
530 1025 613 1073 rroofiais
623 1029 661 1068 θεὴ·
674 1024 716 1061 Par
725 1029 743 1061 et
751 1022 815 1074 Libpo

71 1099 115 1132 root
125 1095 145 1130 ia
157 1092 227 1130 cecilio
240 1098 277 1129 tua.
292 1091 315 1129 ln
332 1091 469 1130 enumerandis
485 1091 587 1141 gentibus,
606 1092 679 1142 quibus
697 1091 814 1141 magnitudo

72 1167 92 1199 et
102 1160 193 1211 potentia
203 1171 273 1210 regum
281 1158 422 1197 Thebanorum
435 1158 547 1207 conficitur,
560 1172 604 1197 eam
616 1165 672 1197 vates
684 1158 772 1198 instituit
783 1173 815 1197 ra-

72 1228 156 1277 tionem,
173 1233 195 1266 ut
207 1241 219 1266 a
230 1226 312 1265 meridie
322 1226 424 1278 profectus
435 1226 479 1265 Nili
492 1226 595 1265 decursum
608 1232 687 1265 secutus
699 1227 724 1264 ad
737 1232 815 1277 septen«

72 1297 156 1335 trionem
167 1294 317 1346 progrediatur,
335 1294 380 1333 dein
395 1295 421 1333 ad
434 1295 555 1333 occidentem
568 1295 664 1333 deflectat.
692 1300 746 1344 utin,
764 1294 815 1334 Gen.

73 1365 103 1413 X,
116 1368 133 1403 G.
152 1363 224 1403 Chami
238 1363 301 1402 lilium
312 1369 361 1402 natu
373 1352 494 1412 maximum,
507 1363 578 1401 deinde
588 1363 675 1414 populos
687 1363 713 1401 ab
726 1377 749 1402 eo
762 1363 817 1414 geni-

73 1441 104 1472 tos
122 1432 222 1483 designat,
240 1431 290 1470 alias
307 1431 366 1470 etiam
385 1436 434 1483 quiin
450 1431 574 1482 appellatos,
590 1431 643 1470 Hah.
655 1431 698 1480 HI,
713 1431 748 1481 71,
765 1444 817 1482 quos

74 1500 147 1539 Graeci
158 1500 280 1550 Aethiopum
289 1500 373 1538 nomine
388 1500 575 1550 complectebantur.
593 1498 655 1539 Sedes
672 1513 740 1538 eorum
755 1500 818 1538 latius

75 1568 154 1619 quidem
170 1559 277 1618 patebant3
293 1580 357 1618 neque
374 1568 424 1606 enim
442 1568 524 1606 Africae
539 1572 617 1618 partem
634 1568 728 1606 tenebant
746 1568 817 1616 solam,

74 1637 98 1675 ab
106 1637 200 1687 Aegypto
213 1635 315 1674 meridiem
326 1649 395 1675 versus
407 1641 533 1687 vergentem,
545 1636 575 1673 uti
587 1636 655 1674 docuit
661 1634 797 1675 Souuurrmss
803 1635 816 1684 ²,

74 1705 193 1744 assentiente
206 1702 300 1742 Gnsnmo
313 1703 363 1742 thes.
376 1717 393 1742 a.
406 1717 436 1751 v.‚
448 1716 484 1742 nec
495 1703 594 1742 Arabiam
605 1708 693 1752 tautum,
706 1704 736 1742 uti
748 1704 817 1743 existi-

74 1769 296 1819 mediomatricam,
313 1772 349 1810 sed
363 1771 454 1822 regiones
470 1777 566 1823 utrasque
577 1772 685 1811 secundum
700 1777 818 1823 argumenta

75 1854 87 1878 a
99 1840 115 1878 l.
127 1840 154 1878 D.
165 1838 291 1878 uronnmnt
303 1839 412 1889 expositam
429 1852 469 1890 quo
482 1839 543 1888 adde,
561 1840 616 1890 quod
628 1854 638 1878 e
650 1840 819 1890 disputationibus

75 1905 268 1946 Rosrmmmnmm
285 1912 305 1945 et
315 1906 434 1945 Kuoauurr⁶
451 1912 544 1957 apparet,
561 1920 598 1957 per
613 1920 682 1946 omnes
698 1908 740 1946 lere
756 1908 819 1946 Asiae

75 1976 145 2025 plagas
158 1974 297 2014 meridionales
310 1973 414 2014 Ousohitas
425 1975 533 2013 incoluisse
548 1975 656 2025 dispersos.
676 1975 710 2013 Ad
726 1980 818 2013 nostrum

76 2048 142 2081 autem
153 2042 219 2081 locum
230 2043 324 2092 propriae
336 2043 474 2081 tantummodo
487 2043 543 2082 sedes
556 2056 624 2081 eorum
636 2044 745 2093 pertinent,
764 2044 820 2081 Afri-

76 2107 137 2149 canae
145 2110 201 2158 illae,
211 2110 246 2148 ubi
254 2110 354 2161 hodieque
362 2123 410 2161 gens
420 2112 527 2162 quaedam,
537 2110 568 2149 cui
577 2123 650 2149 nomen
659 2111 819 2159 estssisohariba,

76 2179 102 2216 ad
114 2178 209 2229 originem
219 2190 287 2215 eorum
296 2178 395 2228 reperitur
402 2179 506 2217 referenda
513 2177 526 2217 ⁷.
545 2178 601 2227 Quae
611 2179 635 2217 de
643 2192 720 2218 summa
729 2178 822 2217 Meroen-

76 2246 126 2284 sium
147 2245 270 2284 humanitate
290 2250 350 2296 atque
369 2246 443 2286 artium
460 2247 604 2297 literarumque
619 2246 693 2298 gloria,
713 2246 821 2297 Aegyptiis

77 2314 136 2352 etiam
148 2314 266 2362 vetustiore,
280 2313 394 2353 ferebantur
405 2315 477 2366 vulgo,
490 2328 514 2354 ea
526 2327 578 2353 nunc
589 2329 607 2354 a.
621 2329 652 2355 vv.
666 2315 698 2354 dd.
715 2315 775 2366 plane
787 2328 821 2353 nc-

141 2593 179 2626 Das
190 2593 273 2626 Paradies
285 2606 301 2637 p.
309 2596 330 2626 10
343 2605 365 2627 ss.

141 2650 212 2694 Phaleg.
224 2651 255 2692 Ν,
268 2652 284 2683 ῗ.

142 2822 223 2854 lironem
235 2822 343 2870 volkertafel
354 2835 371 2865 p.
380 2825 484 2858 are-aot.
508 2825 543 2859 oo.
556 2826 624 2859 bllrnuru
636 2827 702 2860 Rcalw.
715 2837 730 2859 u.
744 2837 759 2858 v.

144 2879 179 2913 Cir.
192 2880 248 2913 Lursrr
259 2878 317 2913 Bricfc
330 2891 360 2931 aus
372 2881 417 2923 Aeg.
429 2893 444 2924 p.
454 2882 493 2915 ‘2ss6.

693 2944 712 2993 l
