1889 3264
394 151 442 191 Cn.
453 153 472 201 1,
485 156 504 191 v.
514 156 530 191 7.
807 149 837 194 23

92 276 119 314 ed
131 289 190 326 quam
202 275 369 327 interpretandam
381 277 422 314 inm
433 275 556 324 accedimus,
569 275 657 327 quinque
669 276 839 315 versibusubscl-

93 343 156 391 vitur,
169 356 253 395 quorum
265 345 354 383 membra
365 345 412 382 bina
424 340 520 393 bipertita
529 356 620 394 quaeque
632 349 689 391 sunt3
700 344 729 383 ita
741 344 837 383 torrentis

92 412 156 450 instar
168 412 234 450 omnin
245 413 389 463 prosternentis
407 411 492 449 decurrit
496 424 502 457 ;
518 410 600 449 simulac
615 412 642 449 ad
654 411 763 451 bonitatem
776 412 808 450 dei
820 418 840 450 et

93 492 162 530 pacem
174 481 227 531 genti
243 493 290 519 sune
301 480 412 529 parandam
425 484 506 516 ventum
522 483 562 525 est,
579 479 694 517 moderatur
708 480 778 530 rapido
795 492 839 518 cur-

93 547 134 596 sui,
146 554 167 586 et
178 548 261 586 alterum
272 545 410 585 tantummodo
423 546 516 595 deinceps
527 546 638 584 membrum
649 546 670 584 in
679 546 729 585 duas
739 547 781 586 abit
792 560 839 598 par—

94 615 175 663 ticulas,
196 615 254 665 signo
272 614 349 664 saireph
365 614 478 662 distinctas,
500 613 585 652 alterum
601 614 700 665 integrum
717 620 757 663 est3
778 616 840 654 veluti

93 683 197 733 praeclaro
209 695 254 720 cum
265 682 353 732 pondere
363 683 385 721 in
395 682 464 720 limine
475 681 542 721 statim
552 682 638 721 sist‘tur:
655 692 703 746 mpii
718 693 764 726 :na
783 682 840 732 Quae

93 751 145 788 ratio
162 755 286 801 quantopere
304 750 330 788 ad
350 751 449 789 diversam
469 750 611 789 sententiarum
628 755 721 788 naturam
737 750 840 789 referende

94 818 130 865 sit,
146 817 231 856 dilucide
247 817 332 857 ostendit
344 832 363 858 v.
373 822 395 866 9,
413 818 448 869 qui
463 830 500 868 pro
515 818 583 856 indole
598 831 635 857 sua
651 817 728 868 primae
745 819 841 869 strophae

94 885 188 925 similiore
204 886 230 923 ad
244 886 354 936 pleniorem
372 892 391 925 et
407 886 451 936 ipse
467 886 574 924 verborum
589 899 692 924 numerum
708 887 778 938 vergit.
808 887 840 925 De

94 953 173 1003 politica
185 953 264 992 omuino
277 953 335 992 huius
347 953 436 992 vaticinii
447 959 520 992 natura
532 954 567 992 cir.
580 953 639 1003 proll.

441 1136 461 1162 v.
473 1125 490 1161 7.

128 1225 194 1263 Boane
206 1224 300 1263 Dominus
316 1231 334 1263 et
348 1225 461 1262 retenimento
477 1230 504 1263 cst
519 1225 549 1262 dte
564 1226 673 1272 ctnpnrtice,
689 1230 708 1261 et
721 1236 793 1273 picotus
809 1237 839 1262 ec-

94 1305 145 1340 nno,
158 1295 191 1342 qni
202 1293 296 1342 corptdrntt
307 1295 329 1331 ci.
358 1292 415 1330 Haec
427 1292 478 1330 enim
490 1291 544 1330 laeta
556 1296 587 1331 est
597 1291 715 1330 iudiciorum
727 1292 839 1331 divinorum

94 1373 153 1411 pars,
167 1360 221 1411 quod
232 1360 287 1410 pios,
299 1360 346 1398 licet
358 1359 496 1398 concutiantur
508 1365 527 1398 et
538 1360 578 1410 ipsi
589 1360 691 1398 tremenda
702 1359 733 1398 dei
742 1360 839 1410 potentia,

95 1428 167 1468 solatio
178 1433 244 1466 tamen
258 1428 346 1466 afficient
358 1433 377 1466 et
389 1427 476 1477 erigent3
488 1427 523 1466 cfr.
536 1427 584 1466 Luc.
594 1427 699 1476 rixata
723 1427 780 1476 „Ista
791 1441 839 1466 vero
884 1457 886 1461 .

95 1495 196 1546 oppositio
208 1501 238 1534 est
250 1496 391 1534 sententiarum
402 1500 444 1533 tam
456 1495 532 1543 subite,
544 1501 567 1533 ut
578 1495 627 1534 solis
636 1494 714 1534 radium
722 1495 840 1547 aequiparet

94 1576 131 1614 per
142 1576 211 1602 caecas
223 1564 346 1614 tempestatis
358 1563 450 1602 tenebras
461 1568 542 1613 repente
553 1563 658 1602 effusum.“
676 1562 774 1602 Hennam.
798 1573 838 1606 zio

94 1644 134 1670 non
151 1632 200 1670 adeo
221 1631 362 1682 benignitatem
379 1630 485 1680 exprimit,
507 1644 568 1682 quam
581 1630 642 1669 LXX
657 1635 677 1670 et
690 1631 781 1682 plerique
797 1636 838 1669 sta-

94 1704 153 1738 tuunt
162 1699 291 1748 interpretes,
309 1712 369 1750 quam
380 1699 501 1746 bonitatem,
517 1699 601 1749 propius
617 1702 724 1750 cognatam
736 1711 780 1737 cum
791 1711 838 1748 pro-

95 1767 167 1815 bitate,
180 1767 215 1805 cfr.
224 1767 259 1806 Ps.
268 1766 337 1815 XXV,
349 1770 371 1814 83
383 1766 428 1804 ideo
440 1772 523 1816 peccata
534 1766 635 1806 condonat
646 1766 687 1806 suis
696 1766 731 1806 Ρε.
740 1765 839 1815 LXXIII,

97 1839 105 1873 1
112 1849 117 1882 ;
129 1834 251 1883 LXXXVI,
263 1838 286 1883 5,
304 1841 324 1873 et
336 1849 386 1886 quae
397 1834 498 1885 pollicitus
509 1835 534 1874 iis
546 1840 587 1883 est,
603 1840 657 1873 certo
669 1840 759 1885 praestat
769 1834 805 1873 Ps.
815 1834 838 1883 O,

96 1905 117 1951 53
136 1902 236 1951 CXVIII,
248 1906 265 1940 4.
295 1902 383 1941 Ionnru.
395 1902 451 1940 addit
464 1899 554 1956 51111115,
570 1902 605 1940 Ρε.
614 1902 716 1950 LXXIII,
729 1905 740 1940 3
752 1907 839 1950 secutus,

96 1983 133 2009 nec
145 1971 218 2009 oblitus
233 1970 343 2009 bonitatem
358 1970 389 2009 dei
405 1982 445 2008 non
456 1982 517 2021 posse
529 1969 628 2020 experiri,
645 1969 685 2008 nisi
701 1970 736 2021 qui
753 1969 780 2009 ad
796 1970 839 2009 eius

96 2051 176 2090 gregem
192 2043 326 2077 numerentur.
358 2039 494 2077 Munimentum
506 2050 541 2076 seu
558 2038 679 2089 praesidium
697 2050 778 2077 suorum
790 2038 839 2077 deus

97 2106 213 2156 saepissime
238 2106 321 2154 dicitur,
347 2107 382 2145 cfr.
404 2106 439 2145 Ps.
453 2105 545 2154 XXVII,
567 2110 588 2153 1;
613 2104 728 2154 XXXVII,
746 2108 779 2153 393
800 2105 839 2145 les.

96 2173 164 2222 XXV,
177 2178 189 2212 4
194 2187 200 2221 ;
217 2173 260 2212 Ioel
268 2174 305 2222 IV,
320 2178 341 2222 [ἐς
360 2175 395 2213 cfr.
409 2173 467 2214 Sach.
476 2174 503 2222 II,
517 2176 537 2222 9;
554 2174 587 2212 hic
602 2179 668 2212 autem
686 2174 764 2225 egregie
780 2174 840 2212 etiam

97 2242 205 2293 opponitur
223 2242 306 2292 rupibus
327 2242 422 2281 contusis.
451 2242 717 2292 Perperamreddiderunt:
742 2242 839 2281 fortitudo

97 2311 189 2349 Vnrnnn.
195 2323 201 2357 3
221 2310 283 2348 robur
297 2308 375 2359 Deus,
391 2310 470 2359 Banu,
492 2315 511 2348 et
526 2310 657 2348 confuderunt
675 2320 784 2352 truncum
804 2321 839 2357 rr3

97 2388 145 2421 111»)
157 2378 223 2417 locum
234 2378 332 2417 munitum
343 2383 401 2417 notet
408 2378 452 2416 Iud.
457 2377 493 2426 VI,
506 2381 538 2425 263
549 2378 587 2417 Ιθε.
597 2377 677 2425 ΧΧΙΠ,
688 2380 711 2425 4;
723 2378 759 2416 Ez.
768 2377 839 2426 XXX,

98 2446 125 2482 15.
148 2446 214 2484 Porro
226 2447 323 2498 refugium
339 2447 413 2485 habeut
424 2446 547 2494 Remum,
559 2447 658 2494 uniens,
673 2447 749 2496 pressis
761 2444 840 2485 Senm-

98 2523 166 2551 rpnsrr
181 2514 270 2565 vestigiis
287 2514 323 2564 (ad
334 2515 395 2554 Pron.
405 2514 463 2563 XIV,
475 2515 517 2566 25);
534 2515 593 2565 plane
609 2515 702 2552 oberrant
713 2514 773 2552 LXX
792 2512 841 2561 τοῖς

98 2573 248 2631 ὑπομένουσιν
260 2575 336 2630 αὐτόν,
349 2583 440 2623 Hmror.
453 2588 473 2621 et
485 2582 600 2622 confortans
610 2588 646 2621 etc.
676 2582 724 2621 Dies
736 2582 841 2632 angustiae

98 2662 124 2687 ex
135 2650 238 2700 utriusque
249 2652 363 2690 testamenti
373 2664 412 2690 usn
423 2664 460 2701 pro
472 2657 562 2701 tempore
574 2652 654 2699 dicitur,
672 2650 707 2689 cfr.
719 2651 751 2700 II,
763 2654 785 2698 43
801 2650 840 2698 III,

99 2721 130 2765 173
151 2727 195 2758 ms
210 2718 323 2767 calamites,
336 2720 386 2759 elias
399 2720 504 2757 coniuncta
516 2732 559 2757 cum
572 2730 627 2769 ripis
642 2720 675 2757 all.
687 2719 726 2759 Ιθε.
735 2719 805 2768 XXX,
818 2723 841 2766 ὃς

98 2787 159 2837 Zeph.
169 2787 189 2835 l,
203 2788 235 2834 153
247 2786 317 2825 iisdem
328 2788 370 2826 fere
382 2788 448 2827 verbis
459 2788 511 2826 idem
523 2788 571 2826 dicit
581 2789 651 2828 Ierem,
661 2788 718 2836 XVI,
731 2792 759 2836 lt),
772 2787 840 2838 eopio-

100 2855 140 2894 sins
151 2856 186 2895 Ρε.
196 2854 309 2901 XXXVII,
322 2858 356 2904 39,
373 2856 428 2895 cuius
440 2856 479 2895 loci
490 2857 556 2895 nescio
569 2871 595 2896 nn
610 2856 721 2897 meminerit
733 2862 800 2904 untes,
817 2869 841 2894 eo
