1889 3264
376 193 424 233 Gar.
434 193 454 243 l,
467 206 485 232 v.
497 196 512 231 1.
802 188 814 233 ἶ)

71 317 164 365 Israelis,
176 318 321 368 perduellione,
334 320 383 370 quid
395 319 497 365 acerbius,
510 329 570 368 quam
581 317 637 365 ipsos
650 316 711 354 etiam
722 316 815 362 ludaeos,

71 385 167 424 scelerato
180 399 223 424 cum
235 387 326 437 profanis
335 387 426 437 gentibus
435 385 475 423 icto
484 385 575 431 foedere,
587 389 658 421 contra
667 388 817 422 sacrosanctam

71 465 189 503 consurgere
201 454 282 492 urbem?
295 449 326 503 (h
342 463 388 490 mirri
401 448 502 494 naaria
515 462 549 494 nm
565 463 583 488 v.
593 451 617 501 2)
634 450 679 499 Qua
691 451 817 489 contentione

71 520 178 570 perniciem
194 522 232 561 sibi
253 525 326 571 parant
341 518 421 566 Iudaei;
441 517 571 557 nihilominus
592 517 631 557 Dei
652 518 718 569 gratia
740 518 816 559 reversi

71 589 92 627 in
108 590 246 638 sobrietatem,
264 588 365 640 praesidio
381 587 424 647 sibi¹
435 601 478 627 esse
494 587 637 637 Hierosolyma
654 587 768 637 intelligunt
779 592 815 636 ct.;

72 663 93 696 at
101 659 205 696 victoriam
217 657 304 707 gentium
316 669 357 694 non
369 661 500 707 assequuntur
509 669 522 694 a
530 655 631 704 Domino,
644 655 683 694 nisi
695 655 747 694 datis
756 661 816 695 antea

71 725 148 775 poenis.
176 725 228 763 Tum
244 738 290 762 vero
307 724 390 762 alterum
406 724 466 762 etiam
481 723 571 774 sequitur
587 722 816 774 ,‚onus“,.gravissima

72 793 96 830 de
112 793 187 830 blessia
202 792 294 841 perfosso
311 791 435 842 querimonia
453 797 472 829 et
488 791 600 838 moestitia,
619 804 638 828 v.
649 793 725 828 10-14.
738 813 763 818 -
786 792 815 828 At

71 872 119 897 vero
136 859 153 898 si
169 859 254 909 amplior
272 859 399 898 nihilominus
414 858 514 909 promissa
532 858 584 896 inter
599 857 722 897 calamitates
737 857 815 897 laetitia

71 927 172 977 videatur,
191 941 251 980 cluam
268 928 321 980 quod
338 927 405 967 oneris
420 927 501 965 nomine
518 926 658 976 comprehendi
674 926 740 977 possit
755 940 814 977 argu-

71 1001 171 1044 mentum,
184 997 265 1034 eandem
277 997 373 1035 habemus
384 996 482 1034 rationem
494 1008 518 1033 ac
535 996 555 1047 2)
566 995 605 1034 Ies.
614 995 677 1043 XlX,
695 1008 735 1047 quo
748 1008 814 1033 exem-

71 1063 117 1114 plo,
135 1077 178 1102 cum
190 1065 284 1115 Aegypto
296 1077 336 1102 non
348 1063 414 1102 minae
430 1064 506 1111 solum,
523 1064 558 1102 sed
573 1063 640 1102 felices
656 1063 716 1101 etiam
733 1068 815 1102 euentus

70 1132 220 1181 praedicantur,
236 1131 389 1170 Dmnzscmos
405 1131 477 1179 utitur,
496 1136 517 1169 ut
532 1132 688 1179 demonstraret,
705 1143 746 1168 non
761 1144 814 1168 mere

71 1210 115 1237 esse
126 1198 239 1237 minitantia
247 1198 351 1246 vaticinia,
364 1212 416 1250 quae
426 1198 544 1249 inscriptum
555 1198 630 1236 habent
644 1208 699 1237 amb.
732 1198 761 1236 At
772 1211 813 1236 anr-

71 1266 162 1317 plissinra
173 1266 285 1319 quaestioni
296 1267 332 1306 lux
344 1267 421 1306 accedit
432 1279 443 1304 e
455 1280 514 1306 versu
525 1266 577 1304 ‘22¹¹0:
591 1271 611 1304 et
619 1266 706 1316 percellit
713 1266 814 1305 Dominus

69 1336 184 1387 Aegyptum
199 1337 315 1385 percellendo
327 1336 382 1373 sinant
393 1342 412 1373 et
422 1335 523 1379 rraecleuclo5
540 1335 579 1372 hoc
594 1339 625 1373 est
642 1334 694 1372 enim
709 1334 814 1385 proprium

69 1403 119 1440 illud
131 1409 150 1441 et
161 1403 261 1453 peculiare
272 1403 377 1454 plagarum
388 1403 511 1451 divinarum,
528 1403 582 1453 quod
593 1402 723 1452 pessumdant
734 1402 814 1453 quiden]

69 1476 195 1520 peccatores,
207 1470 304 1509 eiusmodi
315 1476 392 1519 tamen,
404 1476 426 1508 ut
437 1476 479 1509 tam
490 1469 623 1509 conditionem
635 1483 695 1520 quam
705 1470 814 1508 remedium

69 1538 90 1575 in
102 1550 124 1576 se
135 1534 206 1589 gerant
217 1538 299 1586 salutis,
317 1538 423 1576 dummodo
435 1537 522 1587 perculsi
533 1537 616 1576 redeant
630 1537 657 1575 ad
667 1537 777 1575 Dominum
789 1559 814 1565 -

70 1610 104 1653 „et
115 1610 241 1644 revertuntur
252 1607 278 1644 ad
289 1605 398 1644 Dominum
410 1611 430 1644 et
442 1606 524 1644 exaudit
535 1618 569 1644 eos
586 1610 606 1643 et
616 1605 706 1643 medetur
717 1605 767 1653 iis“;
784 1611 813 1643 at-

69 1680 147 1722 tamen,
163 1674 217 1725 quod
232 1674 318 1724 primum
333 1679 394 1726 atque
404 1674 492 1712 maxime
504 1673 557 1712 cadit
572 1674 609 1713 sub
622 1673 701 1722 oculos,
718 1673 814 1712 violentia
834 1674 835 1677 ’

70 1746 100 1781 est
111 1741 216 1792 plagarum
232 1746 252 1780 et
268 1755 349 1780 onerum
364 1742 487 1793 ingestorum
502 1741 571 1780 moles.
595 1764 620 1769 —
643 1740 733 1780 Nimium
748 1746 814 1779 autern

70 1809 120 1848 vidit
130 1809 256 1849 Kossrunus
268 1810 289 1848 in
300 1811 339 1848 hoo
351 1823 433 1860 genere,
445 1810 459 1848 l.
468 1809 482 1848 l.
495 1822 515 1859 p.
525 1812 570 1847 aab:
583 1808 652 1857 „Dass
664 1822 685 1848 es
697 1810 730 1847 nie
741 1810 813 1848 andere

70 1877 100 1915 als
117 1877 149 1914 bei
160 1876 370 1928 Drohweissagungen
386 1877 494 1927 gebraucht
505 1878 582 1925 werde,
599 1877 626 1915 ist
637 1889 677 1915 von
694 1877 764 1915 keiner
775 1877 813 1915 Bc·

70 1945 167 1995 deutung,
185 1944 210 1983 da
227 1945 248 1982 iu
265 1945 317 1983 allen
330 1945 489 1995 Weissagungen
505 1944 563 1983 theils
580 1944 675 1995 gedroht,
693 1944 752 1983 theils
769 1957 813 1982 ver-

69 2012 147 2052 heissen
160 2012 235 2060 wird;“
252 2012 367 2051 inscribitur
379 2013 431 2051 enim
447 2027 459 2051 a
470 2018 528 2063 parte
543 2012 618 2062 potiori
630 2013 742 2063 argumenti
753 2012 813 2051 ratio.

68 2082 89 2132 3)
101 2080 144 2119 Iam
161 2094 208 2119 vero
225 2081 389 2130 Duurrzscurus,
410 2094 454 2120 cum
470 2081 583 2129 TtuenH,
601 2084 623 2119 14
638 2093 707 2120 vocem
723 2086 814 2119 nostram

69 2148 93 2185 de
102 2149 201 2187 vaticiniis
213 2161 296 2198 prorsus
307 2149 399 2189 felicibus
410 2150 449 2188 dici
461 2154 572 2197 asseveret,
585 2150 610 2187 ab
622 2149 695 2187 idoneo
706 2150 814 2188 verborum

70 2228 128 2254 sensu
139 2216 209 2254 abesse
220 2216 308 2254 videtur:
321 2223 392 2265 „vates
404 2218 433 2255 tui
444 2217 548 2255 mendacia
559 2216 596 2254 tibi
608 2222 628 2255 et
638 2216 691 2255 falsa
702 2216 814 2255 vaticinan-

69 2288 112 2331 tur,
128 2296 164 2322 nec
175 2289 210 2322 tua
221 2283 257 2322 tihi
273 2283 364 2323 facinora
375 2285 479 2335 aperiunt,
496 2290 518 2322 ut
533 2284 618 2322 reditum
633 2284 735 2322 adducant
751 2285 813 2335 capti-

69 2364 150 2390 vorum:
169 2352 203 2391 sed
214 2352 267 2391 falsa
277 2351 314 2391 tibi
326 2353 460 2391 vaticinantur
472 2365 533 2390 onera
549 2357 569 2390 et
585 2351 735 2399 seductiones“;
752 2365 814 2391 onera

69 2419 121 2457 enim
133 2426 202 2470 aperte
214 2426 260 2459 sunt
274 2420 371 2470 hostium,
390 2421 463 2472 quibus
480 2420 527 2459 falsi
538 2426 594 2459 vates
612 2420 695 2460 exitium
707 2421 812 2472 praedixe-

69 2494 126 2535 runt,
143 2493 166 2526 ut
178 2501 247 2527 auram
262 2494 366 2539 captarent
382 2489 506 2540 popularem.
530 2489 551 2540 4)
563 2488 631 2527 ierem.
641 2488 716 2527 XXIII
731 2502 814 2528 acumen

68 2554 98 2593 rei
109 2555 130 2593 in
142 2568 165 2593 eo
177 2557 266 2606 positum
278 2563 318 2606 est,
331 2558 386 2609 quod
398 2557 515 2608 quotidiana
526 2557 579 2596 vatis
592 2570 653 2595 onera
664 2557 718 2595 facta
729 2558 754 2596 iis
767 2570 814 2595 one-

69 2635 117 2660 rosa
128 2629 194 2670 erant,
208 2637 316 2676 eorumque
328 2625 415 2664 taedium
427 2630 531 2664 moverant
539 2630 559 2663 et
567 2625 680 2672 lasciviam3
693 2631 754 2676 atque
763 2625 813 2664 adeo

68 2691 124 2729 Deus
135 2691 174 2729 hoc
190 2692 218 2729 uti
231 2693 290 2730 ctiam
303 2694 400 2732 vocabulo
417 2687 526 2744 prophetas
538 2694 611 2741 uetuit,
629 2707 653 2731 ne
670 2705 728 2732 sacra
746 2707 814 2733 eorum

69 2758 158 2811 grauitas
175 2765 193 2798 et
211 2760 306 2799 seueritas
323 2762 409 2800 ludibrio
426 2763 538 2801 haberetur.
570 2761 610 2800 Oh.
623 2761 756 2801 Honestam.
773 2763 786 2800 l.
800 2762 812 2800 l.

69 2841 88 2877 p.
102 2830 141 2866 105.

102 2896 145 2934 Iam
161 2896 222 2948 igitur
239 2902 370 2948 posteaquam
390 2899 445 2938 effati
465 2904 585 2951 potestatem
605 2912 640 2938 nec
655 2912 716 2950 posse
733 2898 814 2938 omnino
