1889 3264
123 159 166 187 xxx
359 146 522 184 Pronnaounxn.
541 145 590 184 Cur.
602 146 628 184 II.

159 272 252 310 Manasse
267 271 288 307 iu
300 270 385 320 patriam
397 270 462 309 redux
479 277 498 310 et
510 270 561 310 serio
579 269 675 308 addeum
691 282 808 319 conversus,
826 271 865 321 pri-

127 341 179 379 stina
191 339 243 376 vitae
254 337 332 376 ratione
345 344 476 387 commutata,
493 352 517 377 ea
529 351 580 389 quae
592 343 650 377 antea
661 344 788 388 peccaverat,
805 338 865 376 corri-

125 421 172 458 gere
189 411 250 457 atque
264 406 370 446 restituere
388 408 469 446 studuit.
491 407 593 445 ldolorunr
608 406 668 456 igitur
685 405 757 443 altaria
773 411 792 443 et
807 406 866 444 simu·

126 476 181 513 laera
192 474 286 522 removit,
304 480 324 512 et
335 475 487 525 superstitiones
498 475 556 523 illas,
574 480 669 525 quantum
680 473 755 524 potuit,
772 485 783 510 e
795 472 866 511 civium

127 542 199 581 animis
211 542 295 581 evellere
306 548 390 582 conatus
402 548 443 589 est3
456 548 536 581 atvero
548 543 622 580 malurn
634 542 683 581 adeo
692 541 823 580 inveteratum
832 540 866 577 vix

127 611 166 649 iarn
183 610 291 660 exstirpari
306 610 381 659 potuit,
399 615 419 648 et
434 610 512 648 facilius
528 610 554 648 ad
570 609 637 648 omnia
652 609 687 648 illa
702 608 792 647 facinora
809 612 867 646 antea

127 678 204 717 seducti
216 683 281 725 eraut,
299 690 359 727 cluam
375 677 400 715 ab
417 676 478 716 insita
489 677 616 730 idololatriae
628 677 735 727 cupiditate
746 674 868 715 revocaban-

127 752 165 784 tur.
188 745 282 795 Legimus
299 744 351 782 enim
366 745 448 783 deorum
465 756 511 783 aras
528 758 540 783 a
556 745 650 783 lllanasse
667 749 743 783 tantum
760 749 868 782 remotas

127 826 182 861 esse,
199 812 281 851 alesia
297 816 364 850 autern
379 817 473 852 contusas
489 817 549 863 atque
565 812 680 859 disiectas¹,
696 817 827 863 posteaquam
843 811 867 849 ab

128 883 228 919 Ammone
238 892 317 918 rursum
332 879 412 918 fuerunt
422 880 555 928 instauratae3
571 893 607 918 nec
619 879 732 918 desiverunt
748 880 769 917 iu
785 878 868 917 excelsis

127 948 178 986 locis
190 947 304 995 immolare,
321 947 367 986 licet
378 946 466 986 Domino
483 948 520 986 deo
532 960 568 987 suo
581 960 638 987 sacra
649 947 715 985 iacere
726 946 764 985 sibi
779 946 869 985 videren-

128 1022 167 1053 tur.
184 1016 240 1066 Ergo
253 1014 356 1053 conversio
369 1015 421 1053 seria
433 1021 452 1053 et
464 1014 541 1054 sincera
552 1015 614 1054 solius
626 1016 668 1053 fere
679 1015 731 1064 regis
741 1019 793 1062 erat,
805 1026 869 1064 popu-

127 1083 159 1121 lus
174 1088 276 1120 externam
288 1086 364 1120 tantam
376 1082 457 1132 pietatis
469 1083 555 1132 speciem
566 1083 601 1121 vix
614 1095 638 1120 ac
653 1095 678 1120 ue
690 1082 725 1121 vix
741 1081 819 1133 quidem
834 1081 869 1119 ad·

128 1151 235 1198 miserunt,
253 1155 273 1188 et
283 1155 362 1187 mortuo
374 1150 478 1197 llanasse,
495 1163 538 1188 cum
550 1149 587 1188 LV
599 1162 662 1188 anuos
678 1154 792 1199 regnasset,
813 1148 870 1198 impii

128 1218 164 1256 filii
175 1218 281 1255 Ammonis
294 1218 407 1267 exemplum
419 1217 481 1256 secuti
493 1217 562 1267 pronis
574 1217 645 1256 animis
659 1217 681 1255 in
692 1217 777 1267 pristina
791 1216 870 1256 sacrile-

128 1285 162 1336 gia
172 1285 291 1322 reciderunt,

163 1351 209 1391 Huc
220 1352 345 1390 referendum
357 1357 396 1399 est,
413 1353 467 1403 (ruod
481 1352 502 1390 iu
514 1352 570 1391 libris
583 1365 651 1402 regum
667 1353 691 1391 de
703 1352 816 1390 calamitate
827 1351 869 1389 Ma-

129 1420 194 1459 nassis
206 1425 226 1458 et
238 1419 368 1458 conversione
379 1420 429 1457 nihil
440 1420 520 1458 omnino
532 1420 614 1470 legitur,
628 1420 702 1471 quippe
711 1433 763 1471 quae
771 1420 798 1458 ad
805 1420 870 1470 ipsam

129 1488 182 1537 regis
193 1500 300 1537 personam
312 1488 390 1538 potius,
403 1501 463 1538 quam
475 1488 500 1525 ad
514 1488 626 1526 universam
639 1488 702 1538 gentis
714 1493 799 1526 mentem
810 1487 871 1537 perti-

129 1554 212 1593 naurire
236 1554 313 1603 Quare,
330 1568 374 1593 eum
385 1560 457 1605 postea
473 1556 497 1593 de
509 1554 575 1593 exsilii
586 1554 706 1606 Babylonici
722 1556 798 1594 caussis
811 1568 871 1606 quae-

129 1628 217 1670 reretur,
233 1635 277 1661 cum
296 1623 363 1661 omnia
379 1622 460 1661 omnino
476 1628 558 1673 peccata
569 1635 605 1673 per
617 1628 647 1660 tot
659 1623 725 1662 secula
737 1624 762 1661 ab
774 1622 871 1661 Israelitis

130 1691 247 1738 commissa,
259 1695 301 1728 tum
313 1702 361 1729 vero
373 1690 474 1729 horrenda
485 1689 585 1729 Manassis
596 1691 687 1730 facinora
699 1704 711 1730 a
721 1691 825 1743 prophetis
837 1703 871 1729 ex-

131 1758 302 1810 probr·abautur³;
320 1764 380 1811 atque
392 1759 442 1797 adeo
455 1759 581 1810 septuaginta
593 1772 657 1799 annos
668 1760 725 1808 illos,
742 1760 814 1811 quibus
826 1759 872 1803 inde

131 1841 144 1866 a
155 1828 220 1877 primo
232 1828 332 1866 Manassis
344 1828 370 1866 ad
381 1827 461 1866 tertium
477 1827 573 1865 decimum
584 1827 650 1867 Iosiae
666 1841 738 1866 annum
754 1827 873 1878 gravissima

131 1901 271 1946 perpetrarant
282 1901 374 1946 peecata,
392 1895 519 1947 septuaginta
534 1909 632 1934 annorum
649 1896 734 1935 seruitus
752 1902 771 1934 et
783 1895 874 1937 exsilium

132 1964 278 2014 Babylonicum
290 1965 416 2004 subsecutum
429 1963 477 2002 esti.

323 2131 340 2182 ξ,
353 2134 370 2170 5.
388 2140 421 2173 DE
434 2140 511 2175 REBUS
523 2141 684 2176 ASSYRIORIIM.

177 2231 286 2281 Explicato
298 2232 417 2270 Iudaeorum
429 2238 495 2281 statu,
513 2246 525 2271 a
543 2246 582 2285 quo
594 2234 684 2273 vaticinii
696 2234 766 2274 edendi
778 2246 828 2273 ansa
846 2247 876 2272 re-

131 2300 218 2351 petenda
230 2304 270 2349 est,
286 2300 390 2339 dicendum
403 2301 463 2340 etiam
475 2307 505 2340 est
516 2301 541 2340 de
552 2302 612 2342 rebus
624 2298 766 2355 Assyriorum,
783 2302 808 2340 ad
825 2314 875 2353 quas

132 2369 184 2407 vatis
203 2368 267 2407 oratio
285 2381 325 2407 non
341 2370 406 2408 minus
423 2369 515 2420 pertinet.
539 2370 577 2410 Est
593 2370 645 2410 enim
662 2371 769 2410 tenendum
790 2369 876 2422 quidem,

133 2526 150 2554 et
162 2522 233 2555 arbitrio
245 2523 281 2555 iarn
294 2522 362 2555 videtur
374 2532 454 2564 vacasse,
471 2528 522 2566 atque
534 2523 578 2556 adeo
590 2528 651 2556 contra
662 2526 750 2566 uniusque
762 2526 811 2567 regui
822 2525 876 2567 impe-

133 2584 160 2611 tus
171 2589 209 2612 sese
221 2584 277 2612 tntum
288 2580 393 2620 reddidisse,
405 2590 427 2612 ne
438 2581 490 2614 simili
502 2592 556 2624 eoque
568 2584 648 2624 graviore
660 2591 700 2615 casu
707 2583 770 2616 iterum
779 2587 876 2616 vexaretur.

169 2636 186 2674 1)
199 2636 234 2669 Cir.
247 2638 339 2681 2Parulip.
351 2637 444 2678 XXXIII,
456 2639 486 2680 153
499 2639 561 2682 2Reg.
572 2639 647 2680 XXIII,
659 2640 686 2672 12.

170 2692 187 2732 2)
200 2692 235 2725 Cir.
247 2695 336 2728 Hnuvnuu.
348 2696 394 2728 Einl.
406 2695 434 2736 Π,
447 2706 465 2736 a,
478 2705 494 2736 p
504 2698 542 2730 223,
554 2697 619 2730 Ervum
632 2697 644 2728 l.
653 2696 664 2728 l.
676 2708 693 2738 p.
702 2697 742 2730 378.

170 2749 188 2789 3)
200 2749 236 2783 cfr.
248 2751 310 2784 Ierem.
323 2752 350 2793 II,
363 2754 391 2786 30.
403 2753 444 2792 XV,
455 2753 472 2785 4.
485 2752 545 2795 arieg.
553 2754 627 2794 XXIII,
640 2753 655 2786 6,
667 2753 736 2795 XXIV,
748 2754 764 2787 3.

170 2804 188 2844 4)
200 2806 292 2847 Ingeniosa
304 2809 347 2842 hunc
359 2809 494 2844 vicissitudinem
506 2811 586 2853 exposuit
598 2810 672 2844 strsru
684 2812 726 2844 iiber
738 2811 771 2842 den
783 2819 818 2850 syr.
831 2808 877 2852 ephr.

135 2860 189 2902 lIrieg
200 2872 217 2904 p.
226 2865 253 2897 ⁴24.
