1889 3264
297 164 314 214 ξ,
326 165 343 202 5,
362 163 395 201 Da
407 175 472 203 unuirs
484 164 625 203 Assriuouun.
807 178 833 204 nv

91 295 134 327 etus
146 294 185 335 est,
202 288 290 339 Aegypti
306 301 385 326 earnem
397 294 416 326 et
428 287 478 326 ollas
491 288 630 326 desiderabant
642 288 662 326 in
681 289 770 338 deserto,
789 303 833 340 spe-

91 357 146 394 ciosa
156 356 299 407 Aegyptiorum
309 356 432 394 irritamenta
442 359 461 391 et
469 355 550 393 foedera
560 355 630 395 dolosa
638 356 684 406 plus
698 371 757 409 quam
771 359 833 397 semel

91 424 196 474 perniciem
207 424 232 463 iis
244 423 387 475 paraverunt¹3
400 427 470 460 contra
482 422 507 459 ab
516 423 607 472 Assyriis
620 425 711 473 superbis
718 414 760 465 illis
770 432 833 478 atque

90 492 189 531 ferocibus
203 505 243 530 non
259 497 300 529 tam
315 491 460 530 seducebantur
481 495 542 540 atque
562 492 749 541 corrumpebantur,
772 507 832 545 quam

91 573 190 598 armorum
207 560 227 597 vi
242 565 261 597 et
276 558 353 597 insidiis
369 557 542 608 opprimebantur,
562 555 723 608 conterebantur,
746 562 831 611 pedibus

90 628 256 665 conculcabantur
261 625 273 663 ².
292 626 347 676 Ergo
359 625 446 664 indolem
457 625 625 675 imperiiAssyrii
637 627 740 676 praeclare
750 641 831 679 expres-

91 696 117 733 sit
128 695 204 742 Micha,
221 706 264 731 cum
276 694 382 744 Assyriam
398 693 508 744 appellaret
525 698 613 742 „terram
630 692 738 733 Nimrodi“
756 695 791 746 (V,
803 698 830 748 4),

92 762 153 801 trucis
168 762 271 800 venatoris
285 760 338 800 illius
357 774 423 799 coram
438 760 537 809 Domino,
558 761 631 812 quippe
648 761 683 812 qui
697 762 775 812 primus
790 777 831 802 non

90 829 164 869 bestias
181 829 256 877 solum,
273 842 342 867 uerum
357 829 446 867 homines
462 834 571 880 gentesque
586 830 676 867 venando
695 831 832 881 superaverit³

90 903 150 948 atque
162 897 249 935 omnium
260 901 390 947 tyrannorum
405 896 514 946 perfectum
525 896 546 933 in
559 908 580 935 se
591 897 676 946 gesserit
687 902 758 948 typum
770 897 831 951 atque

89 964 201 1014 imaginem.
220 962 254 1003 Sic
259 964 390 1014 Assyriorum
401 976 480 1014 quoque
490 962 598 1002 dominatio
608 963 696 1002 maxime
707 965 768 1015 digna
776 967 831 1005 vide*

73 1075 75 1079 ,
90 1033 155 1080 batur,
167 1044 219 1082 quae
230 1031 292 1070 totius
301 1026 365 1070 'seculi
376 1044 412 1081 per
424 1043 492 1070 omnes
504 1036 579 1070 aetates
588 1029 633 1069 Deo
646 1031 771 1073 adversantis
784 1034 831 1072 vici-

90 1101 127 1138 bus
139 1098 269 1149 fungeretur-⁴.

123 1167 166 1205 Iam
179 1179 235 1214 vero,
253 1166 347 1217 quoniam
359 1166 438 1206 uberius
450 1166 594 1217 explicavimus
611 1179 654 1204 earn
667 1167 793 1217 dignitatem,
809 1169 831 1206 in

91 1248 130 1285 qua
141 1246 223 1284 regnum
233 1234 338 1285 Assyrium
351 1234 479 1272 constitutum
492 1239 543 1281 erat,
557 1240 576 1272 et
588 1246 628 1284 qua
636 1234 714 1273 ratione
722 1247 765 1273 curn
773 1248 831 1274 sacra

90 1307 148 1352 gente
157 1302 301 1349 continebatur,
313 1301 382 1351 paucis
391 1293 564 1352 perstringendum
573 1300 662 1350 videtur,
675 1303 830 1352 quonammodo

48 1413 50 1416 Α
90 1370 116 1407 ad
128 1382 225 1408 summum
236 1368 338 1419 potentiae
354 1369 453 1406 cumulum
468 1369 586 1419 peruenerit.
603 1368 699 1408 Videmus
715 1375 781 1409 autem
798 1384 830 1410 res

90 1438 219 1487 Assyriorum
232 1437 324 1474 continuo
336 1437 378 1474 fere
394 1448 502 1487 progressu
518 1435 596 1487 augeri,
615 1435 677 1474 donec
691 1435 787 1476 Sanherib
799 1438 830 1476 fu-

89 1509 146 1544 nesta
161 1505 213 1554 apud
228 1504 371 1554 Hierosolyma
386 1509 468 1554 accepta
484 1504 540 1542 clade
555 1517 567 1542 a
582 1503 663 1553 fastigio
686 1504 772 1544 deiectus
793 1511 829 1545 est.

89 1572 169 1611 Primus
181 1572 233 1610 enim
244 1571 350 1620 Phulus,
366 1571 487 1610 Menachemi
500 1577 522 1610 nt
533 1571 611 1610 videtur
621 1571 727 1610 lacessitus
739 1573 829 1621 audacia,

90 1639 124 1690 qui
133 1639 260 1689 Thapsacum
272 1639 326 1689 apud
333 1639 456 1688 Euphratem
466 1640 524 1678 sitam
533 1638 657 1689 expugnavit
662 1637 675 1687 ⁵,
688 1645 758 1679 contra
766 1640 830 1680 lsrae-

88 1707 164 1745 liticum
175 1720 257 1758 regnum
269 1706 332 1744 movit
344 1711 421 1754 castra,
434 1719 451 1744 a.
465 1719 480 1745 o.
493 1709 525 1744 762
532 1720 537 1753 ;
550 1705 609 1744 donis
621 1712 687 1744 tamen
699 1712 719 1745 et
730 1708 805 1746 tributo
818 1722 830 1746 a

88 1775 217 1813 llenachemo
234 1758 342 1821 exhibitis,
361 1773 456 1812 abstinuit
475 1774 500 1812 ab
524 1773 658 1824 expugnanda
678 1778 737 1812 terra.
756 1775 830 1814 Verum

89 1842 183 1893 quoniam
213 1841 340 1881 Palaestinae
366 1840 474 1891 capiendae
498 1841 576 1879 initium
608 1840 641 1879 vel
667 1841 726 1891 quasi
751 1843 831 1893 praelu-

47 1957 50 1961 ,
88 1911 141 1948 dium
165 1909 376 1957 factunr'videbatur,
400 1908 502 1959 Tiglath
522 1907 642 1955 Piresert,
658 1909 701 1959 'qui
726 1911 830 1962 regnando

122 2255 139 2296 5)
150 2253 186 2286 Gir.
197 2252 270 2284 Kanum
282 2252 305 2284 ad
317 2252 378 2293 2Reg.
390 2253 432 2293 XV,
445 2252 472 2283 19.
489 2251 558 2283 Hoseae
570 2252 627 2284 verbis
639 2261 729 2294 perperam
741 2253 832 2285 intellectis

88 2312 120 2352 (V,
133 2312 161 2343 13.
176 2310 222 2349 VII,
235 2310 262 2340 11.
278 2308 334 2349 VIII,
346 2308 367 2348 9)
381 2310 461 2348 luerunt,
478 2309 507 2350 qui
522 2313 587 2340 temere
603 2310 714 2349 coniicerent,
731 2308 805 2341 Pholum
822 2320 832 2341 a

88 2368 201 2400 Menaohemo
218 2365 320 2397 advocatum
335 2374 382 2406 esse;
401 2370 462 2398 contra
473 2364 537 2406 quem?
555 2364 641 2397 affirmare
657 2375 692 2398 non
709 2365 771 2397 ualent.
796 2365 831 2398 Cfr.

88 2424 159 2455 anmn
174 2433 235 2455 comm.
251 2421 273 2454 ad
288 2422 330 2454 Hos.
355 2422 415 2454 Tunun
430 2432 491 2454 comm.
504 2421 527 2453 ad
539 2421 599 2463 aReg.
611 2422 643 2454 ll.
666 2422 688 2454 In
703 2422 758 2454 titulis
774 2423 795 2454 ab
812 2432 832 2454 eo

87 2489 128 2521 rege
144 2481 172 2521 qui
188 2483 229 2512 ante
241 2479 311 2522 Tiglatli
327 2479 422 2511 Pileserem
437 2479 526 2521 regnavit,
546 2483 608 2512 octavo
624 2488 670 2512 anno
684 2477 731 2519 (toa)
746 2480 832 2522 inscriptis

88 2537 196 2569 Menaehemi
207 2537 313 2568 mentionem
324 2536 388 2569 saetam
400 2536 476 2568 affirmat
486 2529 581 2576 animus,
594 2539 699 2570 assentiente
710 2537 791 2575 Hmnsro,
803 2537 833 2577 qui

88 2594 141 2625 verba
149 2594 253 2625 enucleavit:
262 2592 384 2625 illinakhimmi
392 2590 522 2633 Samarinaayi,
531 2592 560 2624 cfr.
569 2593 634 2625 Athen.
642 2593 698 2626 Lmrd.
707 2593 761 2631 1852,
769 2592 807 2624 Ian.
816 2593 832 2632 3,

88 2662 104 2693 p.
113 2650 140 2682 26.
152 2649 212 2682 Rnwn.
225 2649 304 2682 Outlines
315 2660 331 2691 p.
340 2648 408 2682 XXVI.
420 2648 490 2681 Nomen
502 2649 547 2690 regis
559 2659 643 2691 nusquam
655 2650 750 2681 luculenter
762 2658 832 2691 expres-

89 2717 126 2739 sum
138 2707 194 2738 adhue
205 2706 286 2746 occinuit,
298 2706 367 2737 ridetur
379 2709 437 2737 autem
448 2706 494 2737 idem
503 2706 565 2745 fuisse,
578 2706 624 2747 quod
633 2704 758 2747 Sardanapalo.
772 2705 802 2737 cfr.
809 2705 831 2737 in,

123 2763 141 2804 6)
152 2762 360 2795 RntnnmsourusPhulum
371 2762 434 2793 veteris
446 2762 537 2803 dynastiae
549 2767 645 2795 extrenmm
656 2763 709 2794 tuisse
719 2772 777 2804 regem
786 2761 833 2793 affir-

89 2825 133 2860 mat,
147 2825 163 2852 et
176 2819 266 2851 annotet
280 2816 437 2859 Salmanassarem,
450 2820 479 2860 qui
492 2819 548 2860 aliquo
561 2819 579 2850 in
591 2819 656 2860 palatio
668 2820 717 2860 regio
728 2819 833 2859 tangebatur

90 2886 169 2917 munere,
188 2874 271 2908 seditione
288 2878 348 2906 exorta
363 2884 419 2906 rerum
432 2876 506 2918 potitum
518 2884 560 2907 esse.
584 2875 619 2907 Diu
631 2867 676 2907 enini
688 2875 774 2907 laboravit
787 2876 827 2908 ud
