1889 3264
286 198 302 247 ξ.
314 201 330 235 l.
348 199 381 236 Da
394 210 471 236 innota
484 210 590 236 vnmcrrvrr.
760 209 809 237 inx

67 320 142 357 scelera
157 325 176 357 et
186 319 261 370 flagitia
272 323 399 371 complexus,
418 326 506 358 atrocem
519 320 567 359 Nini
579 321 680 359 interitum
693 321 810 372 propediem

66 387 173 424 instantem
189 387 244 425 illum
256 389 428 438 praestantissimo
446 388 492 425 stilo
509 388 620 438 descripsit.
639 388 727 427 Nahumi
743 394 809 427 autem

67 455 180 492 vaticinium
196 469 235 493 non
253 456 311 494 buius
328 460 405 493 tantum
420 455 549 504 propheticae
570 455 725 505 praedicationis
745 457 809 507 partis

67 535 134 560 verum
147 523 234 561 omniun]
247 523 373 560 oraculorum
385 522 472 572 Assyria
484 527 550 560 aetate
561 522 658 560 editormn
671 536 742 574 agmen
754 537 809 574 egre-

67 697 145 736 deberet;
162 695 245 728 eiusmodi
262 701 319 728 autem
330 706 414 738 nusquam
427 697 519 738 quidquam
533 698 628 738 invenitur;
643 707 683 738 nam
695 697 729 729 Ier.
741 697 810 736 XXVI,

67 755 94 785 IS,
107 753 138 793 19,
156 752 216 793 quibus
234 752 290 784 verbis
306 753 366 784 nititur
384 764 400 784 v.
418 754 446 784 dd.
452 777 457 793 ,
478 755 522 786 vatis
540 754 653 794 vv.111,ta
670 755 760 786 enuntiata
775 763 810 785 non

68 809 158 841 confestim
171 809 248 840 evenisse
260 809 332 850 iegitur,
344 819 400 851 neque
412 820 458 850 vero,
471 821 498 841 vr.
510 811 565 851 IV,9i
573 812 603 850 10,
616 820 660 852 quae
673 811 695 841 ad
707 811 759 842 aliam
772 809 811 841 libri

67 865 169 908 particulam
185 866 279 906 pertinent,
297 866 366 898 omnmo
379 875 437 898 carere
450 870 552 898 eventu-
566 865 590 905 II)
603 866 644 899 Non
652 867 718 899 mmore
730 867 768 898 loco
780 866 810 898 ha-

68 923 142 954 bendum
155 926 189 961 est‚
202 922 256 962 quod,
272 923 301 954 ubi
314 923 394 955 Oasrann
406 922 489 964 probetur
501 924 595 962 sententta,
610 922 700 954 Michaeas
711 923 811 954 vaticinium

67 980 143 1019 graviter
158 977 256 1019 discrepare
272 978 351 1010 videatur
366 990 405 1011 cum
424 978 489 1016 lesam,
506 989 579 1019 quocum
594 989 629 1010 non
645 981 707 1011 aetatis
723 979 778 1010 solnm
794 983 811 1009 et

67 1035 152 1074 muneris,
171 1044 230 1066 verum
246 1035 297 1066 etiam
312 1035 435 1067 familiaritatIs
451 1041 468 1067 et
483 1035 611 1067 consuetudinis
630 1036 698 1068 vinculo
718 1035 810 1067 secundum

68 1091 172 1131 singularem
184 1091 272 1132 utriusque
284 1091 323 1122 libri
336 1096 436 1123 concentum
452 1093 551 1124 coniunctus
566 1092 620 1124 fnisse
635 1091 722 1134 putandus
738 1095 769 1122 est.
793 1090 811 1121 Is

68 1148 112 1179 enirn
125 1147 186 1179 eodem
198 1152 275 1189 tempore
291 1157 326 1179 non
343 1149 396 1180 semel
408 1159 468 1180 verum
480 1150 548 1190 saepius
565 1154 582 1180 et
598 1148 684 1181 uberrime
700 1148 721 1179 ab
734 1147 811 1187 Assyriis

68 1205 155 1245 angustias
172 1207 239 1235 tantum
255 1204 324 1235 Iudaeis
339 1205 404 1236 instare
419 1205 504 1244 declarat,
522 1206 561 1237 illos
576 1206 594 1236 in
609 1205 647 1247 ipsa
663 1211 709 1237 terra
724 1213 773 1236 saera
789 1203 811 1234 ad

67 1262 202 1293 internecionem
217 1262 253 1293 iere
268 1271 360 1292 concussos
375 1262 413 1293 fore
425 1258 461 1299 (cir.
475 1262 492 1292 ll.
506 1270 557 1303 supra
569 1261 595 1300 ll.,
608 1260 658 1292 Orsi.
671 1271 687 1302 p.
695 1260 743 1301 174),
756 1271 767 1292 a
776 1260 812 1292 Ba-

67 1317 141 1358 byloniis
154 1322 211 1348 autem
223 1317 327 1359 reipublicae
339 1317 427 1357 interitum
439 1319 529 1349 imminere
542 1318 592 1349 docet
605 1327 631 1348 ex.
642 1327 667 1358 gr.
679 1328 692 1349 o.
699 1318 756 1358 XIII,
767 1317 812 1349 XIV

68 1379 84 1404 et
93 1374 184 1413 XXXIX,
194 1374 241 1405 cuius
247 1373 359 1406 fundamento
370 1374 451 1405 universa
461 1374 517 1406 altera
527 1374 563 1406 eius
572 1373 621 1414 libri,
635 1384 679 1415 qnae
691 1373 761 1414 dicitur,
771 1383 811 1415 pars

67 1430 148 1470 Imposita
161 1434 192 1461 est.
213 1429 264 1461 Orsi.
276 1426 346 1471 quidem
355 1430 445 1462 tttehneae
460 1431 559 1462 vaticinium
574 1434 614 1461 ante
626 1430 659 1462 Ies.
672 1440 686 1461 c.
694 1430 777 1462 XXVIII
789 1448 811 1453 -

67 1485 141 1518 XXXII
153 1485 218 1518 editum
230 1496 268 1518 esse
280 1487 357 1527 coniicit,
370 1491 422 1528 atque
434 1485 487 1526 adeo,
504 1486 585 1528 temporis
597 1488 664 1518 ratione
677 1492 751 1526 mutata,
768 1489 812 1518 vati·

70 1543 114 1574 cinia
130 1552 196 1584 quoque
212 1547 316 1575 commutata
331 1553 377 1584 esse,
394 1547 412 1574 at
427 1552 468 1574 vero
480 1543 542 1574 anm
557 1546 603 1574 certe
614 1543 682 1575 Iesaiae
695 1547 746 1585 caput
759 1545 812 1574 etiam

69 1599 115 1640 prius
124 1608 174 1639 quam
180 1599 270 1631 llliobaeae
277 1600 329 1632 verba
339 1600 369 1630 illa
376 1600 484 1631 enuntiatum
496 1596 530 1630 est!
543 1608 584 1638 ergo
597 1599 669 1631 eundem
678 1600 749 1631 Domini
762 1600 812 1642 spiri-

69 1660 104 1687 tum
116 1666 147 1697 per
160 1653 224 1687 lesaiae
237 1660 254 1687 et
265 1666 295 1698 per
306 1655 396 1688 tlichaeae
411 1657 498 1696 ingenium
511 1656 587 1686 locutum
599 1655 643 1687 adeo
655 1666 691 1688 non
703 1665 759 1688 secum
771 1666 812 1688 oon-

69 1716 141 1744 stantem
153 1703 211 1744 fuisse
219 1717 308 1755 putemus,
320 1717 339 1744 ut
349 1712 401 1744 modo
414 1712 435 1743 ab
442 1712 520 1752 Assyriis
533 1712 648 1743 calamitatem
659 1713 733 1754 primum
741 1712 811 1745 Iudaeis

69 1774 105 1801 tum
117 1779 157 1801 vero
170 1769 311 1810 gloriosissimam
324 1769 458 1808 redemtionem,
475 1769 526 1800 modo
543 1764 623 1799 exsilium
639 1773 656 1800 et
671 1769 812 1809 internecionem,

69 1826 121 1858 modo
134 1836 144 1858 a
155 1826 257 1867 Babyloniis
269 1825 315 1857 idem
327 1826 392 1857 instare
404 1826 463 1866 paucis
475 1826 524 1856 annis
536 1825 642 1867 interpositis
655 1825 762 1858 declararet?
778 1826 813 1857 tti-

70 1883 115 1914 nime
128 1893 173 1914 vero.
197 1882 233 1923 III>
246 1882 328 1922 Accedit,
341 1882 396 1922 quod,
410 1882 477 1913 etiamsi
485 1881 574 1922 Babylon,
587 1883 611 1913 uti
623 1882 677 1924 probe
688 1883 814 1915 demonstravit

70 1940 131 1979 Casei,
143 1949 164 1971 eo
176 1943 253 1980 tempore
265 1938 342 1979 Assyriis
355 1940 431 1971 subiecta
443 1939 503 1977 fuerit,
515 1938 545 1968 vix
559 1941 617 1968 tamen
626 1937 696 1978 Iudaei,
709 1950 747 1971 eum
756 1938 813 1978 Baby-

69 1997 109 2028 lone
122 1995 154 2027 sibi
167 1995 245 2027 exsilium
258 1996 315 2037 parari
327 1995 416 2035 audirent,
429 1995 450 2027 ab
463 1995 540 2035 Assyriis
553 1993 585 2026 hoo
597 1993 629 2025 sibi
643 1995 708 2025 instare
718 1994 813 2037 opinaban-

70 2058 106 2093 tnr,
123 2053 155 2084 nisi
168 2056 226 2094 aperte
239 2057 276 2084 erat
288 2057 375 2092 notatum5
390 2061 431 2083 nam
447 2047 479 2094 pr'o
496 2060 517 2082 ea
532 2050 608 2089 ratione,
625 2059 659 2090 qua
669 2050 760 2082 Israelitae
776 2061 814 2083 cum

70 2110 149 2151 gentibus
162 2109 302 2149 continebantur,
318 2120 353 2142 non
366 2109 387 2141 de
399 2109 441 2140 urbe
454 2108 528 2148 quadam
540 2110 557 2138 et
571 2107 609 2138 loeo
627 2107 718 2147 agebatur,
735 2116 768 2146 qno
784 2107 814 2152 ahj

71 2167 181 2205 ducerentur,
194 2166 224 2196 sed
237 2166 258 2197 de
270 2171 318 2198 certa
330 2166 404 2207 quadam
416 2169 477 2207 gente,
493 2173 527 2204 qua
537 2165 647 2206 punirentur,
662 2163 702 2195 ideo
715 2165 761 2195 euim
773 2173 814 2204 gen-

71 2224 113 2254 tium
124 2223 215 2254 ferocitate
227 2226 244 2252 et
255 2221 329 2254 ludibrio
342 2226 435 2261 vexantur,
448 2222 528 2261 qnoniam
541 2221 617 2261 gentium
628 2220 741 2253 irritamentis
752 2223 815 2261 etpec·

72 2281 113 2312 catis
125 2279 238 2311 indulserant.
263 2276 301 2317 Quo
315 2278 368 2318 adde,
381 2279 427 2318 qnod
440 2288 460 2309 eo
472 2282 550 2319 tempore
556 2276 663 2317 Babylonios
675 2271 760 2308 deiectum
772 2276 814 2306 iam*

71 2338 105 2369 iam
119 2336 187 2368 molitos
200 2346 236 2367 esse
248 2335 327 2367 vidimus.

107 2393 155 2431 Quae
167 2404 204 2425 eum
216 2394 241 2425 ita
253 2394 296 2433 sint,
309 2392 411 2424 sententIam
424 2390 471 2422 illam
483 2382 554 2433 prorsus
566 2391 631 2422 irritam
645 2400 692 2430 esse,
704 2389 754 2421 facile
765 2388 816 2420 iutel-

72 2452 139 2492 ligitur,
152 2451 220 2482 reiectis
233 2454 289 2482 antem
302 2449 417 2491 argumentis,
433 2456 476 2487 quac
488 2449 523 2479 iani
535 2447 619 2479 refutasse
632 2446 718 2486 videmur,
735 2450 817 2478 corruunt

73 2507 132 2547 simul,
149 2515 192 2546 quae
204 2510 294 2548 praeterea
306 2505 400 2548 disputavit
411 2504 462 2537 Osse.
475 2505 571 2545 prisea,
587 2513 627 2534 nam
640 2503 680 2543 quid
692 2503 754 2543 tuerit,
770 2503 816 2542 quod

72 2565 95 2605 V,
107 2565 124 2596 t.
136 2564 146 2595 ir
158 2563 227 2605 Assyrii
243 2568 326 2606 tanquam
344 2571 410 2594 summa
425 2561 500 2594 hostium
517 2560 566 2601 regni
578 2559 631 2591 (livini
648 2561 713 2601 species
729 2563 746 2591 et
757 2560 816 2601 imago

73 2621 185 2659 inducantur,
203 2620 245 2651 satis
259 2624 330 2661 apparet
342 2629 364 2651 ex
375 2621 405 2659 iis,
423 2627 466 2658 qnae
482 2627 534 2659 supra
550 2618 659 2659 exposuimus
677 2616 698 2648 de
714 2618 816 2657 gravissimo

73 2679 120 2717 loco,
133 2678 150 2709 in
163 2686 196 2717 quo
208 2677 253 2707 inter
265 2676 323 2708 hostes
336 2676 406 2708 Israelis
419 2676 509 2708 constituti
521 2678 579 2714 erant,
591 2673 621 2705 cfr.
634 2684 645 2715 p
657 2674 711 2715 Lss.;
727 2677 764 2706 tum
776 2683 817 2705 vero

74 2735 108 2767 Ies.
119 2734 176 2774 XIII,
188 2733 233 2765 XIV
245 2733 318 2764 eandem
331 2733 402 2765 exhibet
414 2733 507 2772 ratlenem;
520 2731 603 2763 abituris
616 2731 660 2761 enim
668 2730 728 2773 populi
739 2729 817 2762 hostibus

75 2796 122 2824 vates
135 2791 157 2823 ad
169 2790 279 2832 gravissimos
291 2790 330 2821 illos
342 2791 442 2830 revertitur,
455 2799 466 2821 a
478 2788 538 2829 quibus
551 2787 637 2829 praesenti
645 2791 722 2829 tempore
730 2787 817 2819 vexaban-

75 2853 107 2880 tur.
132 2848 221 2881 Postremo
238 2847 269 2878 hoo
286 2847 337 2877 etiam
350 2851 420 2878 notasse
431 2846 513 2885 velimus,
529 2844 576 2876 haud
591 2844 644 2885 probe
659 2844 756 2876 Cascantum
772 2853 818 2875 asse-

76 2915 135 2937 verare
147 2916 163 2947 p.
172 2906 214 2944 ito,
227 2904 241 2936 si
254 2907 304 2935 antea
316 2912 350 2935 non
363 2903 448 2935 evenisset
457 2902 564 2943 vaticinium,
577 2891 599 2934 id
605 2905 650 2933 certe
658 2901 699 2933 inde
707 2900 818 2940 redundasse,
