1889 3264
135 143 167 188 54
415 148 464 188 Cur.
473 150 503 198 II,
516 163 534 188 v.
546 151 597 187 1-5.

134 272 172 311 Ies.
184 271 221 320 IV,
233 275 244 309 ‘2
256 286 293 321 ss,
306 279 341 312 aut
352 274 465 323 superbiam
476 274 552 325 ipsam,
568 274 645 322 antid,
662 286 702 324 quo
715 275 759 326 quis
771 274 875 326 gloriatur.

122 342 158 391 ⁴I)
177 338 328 390 Superbiam
357 342 418 393 igitur
441 348 464 380 et
487 342 580 381 fastum
609 343 634 394 a)
650 341 795 382 subiectivo
817 355 876 381 sensu

135 408 211 458 accepit
228 406 343 448 (tritus-ns:
364 415 476 457 „maturum
493 422 536 448 esse
552 415 630 459 tempus
645 408 707 447 exitio
722 409 777 448 urbis
795 410 875 457 Ninive,

135 475 183 525 quia
194 476 234 514 iam
246 476 295 515 satis
307 489 405 529 superque
417 477 494 516 subacti
510 482 587 516 suntet
602 476 700 515 humiliati
715 476 784 515 Iudaei
788 480 813 524 ;“
832 478 876 516 sim.

134 542 237 591 Hiemem,
258 544 349 592 Manem,
369 544 489 591 KALINSKr3
512 545 642 595 interponunt
662 556 708 595 ergo
729 544 875 594 syllogismum,

135 616 195 662 atque
207 611 257 648 adeo
269 624 375 650 nervosum
387 612 476 650 ordinem
486 612 627 650 sententiarum
637 611 748 658 offendunt3
761 611 832 649 deinde
843 625 878 650 ne-

135 678 214 728 gligunt
222 677 306 721 alterurn
314 692 383 717 versus
392 677 512 725 membrum,
525 679 578 730 quod
587 692 627 717 non
636 678 783 729 praepositione
797 690 829 730 aa,
842 679 877 718 sed

136 745 231 796 copula]
250 745 331 784 deberet
345 747 432 794 auneeti3
448 751 549 797 postremo
570 746 619 785 haec
640 745 746 795 explicatio
767 758 829 796 aeque
846 752 877 785 est

135 813 198 850 futilis
210 799 269 863 quam
281 825 361 861 ornnes,
379 827 430 865 quae
446 827 458 852 a
475 813 581 852 transitiva
596 818 696 863 potestate
707 814 762 851 verbi
776 824 819 856 :ani
833 826 876 852 sus-

135 880 254 929 penduntur.
272 879 339 928 Quare
356 893 396 918 non
411 881 476 918 minus
491 881 628 930 improbamus
645 892 713 918 eorum
729 881 875 930 interpretatio-

136 959 190 994 nem,
209 948 243 997 qui
257 947 280 998 b)
293 947 445 986 obiectivum
461 948 565 998 superbiae
577 960 656 987 sensum
671 946 816 997 praetulerunt:
833 961 876 986 eam

136 1014 260 1064 superbiam,
277 1027 336 1064 quam
351 1014 421 1053 Iudaei
437 1016 462 1053 ab
479 1015 569 1065 Assyriis
590 1015 669 1064 experti
689 1015 738 1063 sint,
757 1014 875 1062 Turonos,
907 1005 909 1009 ’

137 1080 232 1129 (liutran,
250 1079 327 1129 Grion,
344 1081 427 1120 Krrnau.
445 1083 465 1133 2)
480 1082 630 1121 Transeundum
643 1089 673 1121 est
684 1082 744 1132 igitur
756 1082 782 1120 ad
793 1082 876 1121 alteram

136 1163 154 1186 u.
170 1158 212 1198 psa
226 1149 336 1187 notionem:
356 1150 392 1197 id,
414 1163 460 1200 quo
476 1151 532 1200 quis
548 1150 685 1200 gloriatum
701 1163 764 1201 eaque
780 1151 877 1200 exemplis

136 1217 264 1268 amplissimis
283 1218 437 1256 commendatur.
462 1218 533 1256 limos.
550 1217 590 1265 VI,
608 1220 619 1255 8
634 1218 662 1258 ila
682 1218 780 1267 significat
799 1231 877 1256 omnem

136 1284 313 1335 rnagnificentiam,
332 1299 372 1336 equa
387 1298 444 1323 sacra
455 1284 495 1323 Dei
510 1297 559 1335 gens
574 1290 646 1323 ornata
660 1289 700 1332 est5
717 1298 768 1336 quae
783 1286 876 1336 quoniam

136 1366 148 1390 a
163 1351 208 1390 Deo
225 1353 272 1390 data
289 1358 330 1400 est,
349 1352 389 1403 ipsi
401 1352 445 1391 Deo
460 1353 499 1390 hoc
515 1365 588 1391 nomen
608 1353 701 1391 tribuitur
715 1352 763 1391 ibid.
779 1352 839 1401 VIII,
856 1357 877 1400 73

135 1421 211 1470 primus
226 1426 292 1459 autem
307 1420 363 1459 loeus
379 1421 429 1458 inter
445 1420 525 1459 Israelis
540 1420 645 1470 privilegia
663 1433 732 1459 sacra-e
753 1426 818 1459 terrae
837 1427 877 1467 est;

136 1500 199 1537 quare
213 1488 245 1526 vel
261 1501 285 1526 ea
300 1487 412 1537 appellatur
428 1487 487 1526 decus
505 1487 573 1525 iacobi
588 1487 623 1526 Ps.
639 1487 727 1536 XLVII,
743 1489 760 1526 5.
778 1487 835 1526 Nihil
847 1495 877 1527 est

135 1568 193 1602 uero,
215 1555 269 1605 quod
289 1555 315 1593 ad
335 1555 442 1605 specialem
457 1555 510 1593 hane
525 1554 689 1605 significationem
707 1555 803 1594 sententia
821 1556 877 1594 verbi

135 1614 275 1673 1·estriugatui;
287 1623 327 1660 imo
339 1622 477 1671 Tuuuovruu,
489 1622 607 1661 Lurnnaun
614 1623 639 1672 ¹),
649 1621 804 1661 Scauriananun
813 1624 877 1661 secuti

135 1702 204 1729 omnes
215 1690 344 1740 intelligimus
355 1691 450 1737 uirtutes,
467 1703 519 1740 quae
535 1703 560 1727 ex
573 1689 667 1728 electione
679 1689 747 1728 divina
761 1689 783 1728 in
800 1703 877 1730 sacram

135 1763 213 1807 gentem
224 1740 372 1804 redundabant,
389 1763 408 1795 et
424 1758 496 1807 quibus
511 1757 640 1795 sacerdotalis
653 1757 694 1796 eius
706 1757 801 1808 regiaque
813 1757 877 1809 digni-

135 1831 166 1863 tas
179 1825 295 1863 cernebatur
311 1825 346 1863 cfr.
359 1825 425 1877 Exod.
438 1824 501 1872 XIX,
514 1827 530 1861 6.
548 1823 604 1862 Deus
622 1829 698 1872 autern,
716 1824 733 1862 si
748 1824 775 1862 ad
790 1824 877 1874 aliquem

135 1892 250 1939 reuertitur,
263 1905 307 1930 cum
319 1892 384 1943 gratia
398 1905 435 1930 sna
446 1897 506 1941 atque
518 1891 608 1941 potentia
619 1892 735 1938 revertitur3
748 1903 795 1941 ergo
807 1904 877 1931 sensus

135 1960 231 1997 enuntiati
243 1960 274 1997 hic
285 1960 327 1998 fere
339 1965 379 1997 est:
395 1959 495 1998 Dominus
507 1964 585 2009 gentem
602 1971 669 2007 suam,
686 1972 737 2009 quae
755 1959 877 2010 aliquamdiu

135 2028 160 2065 ab
173 2040 196 2065 eo
210 2028 304 2066 destituta
313 2027 427 2074 videbatur,
440 2039 484 2064 cum
495 2026 586 2065 hostibus
599 2031 652 2065 esset
660 2026 748 2074 subdita,
761 2027 876 2077 propediem

134 2095 163 2134 ita
173 2094 292 2143 vindicabit,
309 2100 331 2133 ut
346 2095 451 2133 manifesto
467 2099 574 2144 appareat,
592 2106 636 2132 eam
653 2106 697 2132 esse
712 2094 794 2133 electam
810 2109 822 2133 a
838 2095 874 2133 deo

134 2175 183 2213 prae
195 2163 286 2201 omnibus
298 2162 389 2214 gentibus
402 2168 421 2201 et
433 2163 458 2200 ad
470 2174 548 2200 sacrum
560 2161 601 2200 eius
614 2161 711 2212 peculium
727 2162 846 2201 destinatam
853 2161 876 2214 2).

157 2296 174 2334 1)
185 2295 273 2327 Lurunnus
282 2293 387 2325 inversione
395 2293 463 2334 quidem
472 2292 548 2324 exhibet:
557 2302 588 2333 „er
597 2293 658 2335 uergilt
667 2292 695 2325 dle
704 2292 787 2325 Hoffahrt
795 2291 877 2333 Iaeobs;“

134 2350 165 2383 sed
176 2351 195 2382 iu
206 2350 329 2382 commentario
342 2353 438 2382 asseverat:
451 2349 500 2390 „Iam
508 2354 565 2382 antem
574 2350 621 2382 venit
632 2354 708 2392 tempus,
720 2359 754 2391 quo
763 2349 819 2392 gloria
829 2350 878 2391 regni

134 2407 185 2440 Iacob
198 2410 215 2438 et
226 2406 271 2438 Iuda
285 2406 357 2447 redibit,
373 2417 408 2439 non
424 2407 496 2449 amplius
511 2406 598 2448 affligetur
611 2407 665 2447 Iuda,
682 2406 713 2438 sed
728 2406 819 2447 gloriosius
835 2407 877 2446 erit;

134 2470 185 2506 atque
197 2466 223 2496 ita
234 2463 314 2505 superbia
326 2463 410 2504 significat
421 2463 449 2495 hic
460 2463 542 2505 gloriam,
554 2473 643 2505 pompam,
656 2462 774 2504 splendorem,
786 2466 804 2495 et
812 2462 877 2504 magni-

135 2521 210 2553 tudinem
222 2521 271 2562 regni
283 2529 314 2552 seu
325 2520 413 2561 decorem,
425 2520 443 2552 id
456 2520 501 2562 quod
510 2523 557 2562 patet
565 2520 617 2552 ettam
625 2529 647 2552 ex
655 2518 712 2551 Esou.
723 2519 763 2559 XV,
775 2519 805 2551 nbi
817 2518 878 2551 eadem

134 2588 168 2611 vox
181 2582 207 2610 est
218 2579 236 2609 in
247 2577 332 2617 hebraeo,
345 2577 420 2618 gloriose
432 2577 551 2618 magnificatus
563 2580 594 2608 est.

157 2635 174 2675 2)
187 2635 238 2675 „Wie
251 2644 269 2666 er
280 2633 318 2665 hier
330 2633 403 2675 gethan,
419 2643 437 2667 so
449 2635 472 2666 ist
484 2634 521 2666 sein
533 2633 584 2666 'I'hnn
597 2634 702 2674 immertbrt;
714 2634 749 2666 und
765 2633 809 2666 nach
819 2633 877 2676 Jedem

134 2691 203 2724 soleben
216 2690 266 2733 Siege
279 2690 350 2723 schenlrt
363 2701 381 2722 er
392 2700 424 2722 uns
439 2700 490 2722 unser
501 2690 549 2722 Erbe
565 2691 609 2722 autu
620 2690 677 2731 Neue,
694 2691 727 2722 den
740 2689 787 2723 Stola
799 2690 877 2722 Iakob‘s

134 2747 158 2780 So
170 2747 203 2779 soll
215 2747 258 2779 auch
267 2747 317 2789 jeder
328 2757 372 2779 neue
384 2748 472 2789 geistliche
483 2746 524 2789 sag
536 2747 575 2779 dem
587 2746 641 2780 Vollre
654 2747 715 2780 Gottcs
732 2747 759 2779 elie
771 2745 875 2780 Gewissheit

134 2804 190 2836 seiner
200 2804 306 2846 Eravtihluug
318 2805 353 2836 und
365 2805 407 2836 aller
416 2805 555 2845 VerheIssungen
567 2803 597 2836 des
604 2804 661 2836 Herm
671 2803 806 2845 iviedergebeuf‘
827 2802 848 2835 Ο.
855 2813 877 2836 nn

135 2860 219 2893 canutum,
233 2860 255 2892 ad
268 2861 296 2893 rs.
308 2861 385 2893 XLVII.
399 2863 413 2893 a
