1889 3264
337 619 472 666 CAPUT
491 620 531 665 ΙΙ.

88 722 124 764 DE
138 721 235 765 RERUM
248 720 429 767 JUDAICARUM
441 723 478 766 ET
489 721 669 766 ASSYRIARUM
682 721 785 773 STATU,
828 756 830 758 -

229 789 309 841 QUEM
321 791 453 835 SPECTAT
466 790 640 835 VATlClNlllll.

222 1023 239 1074 ᾗ.
251 1027 269 1062 4-
287 1033 320 1065 DE
333 1033 484 1068 CONDITIONE
497 1032 650 1066 IUDAEORUM.

66 1118 149 1182 Sacros
160 1140 297 1180 Israelitarum
308 1143 417 1192 prophetas
429 1147 508 1182 constat
519 1155 559 1180 non
571 1147 645 1180 temere
655 1153 691 1179 nec
699 1139 754 1178 nulla
763 1152 810 1190 pro-

66 1214 148 1247 vocatos
166 1209 270 1248 occasione
285 1215 305 1248 et
320 1210 438 1249 necessitate
453 1210 515 1249 fuisse
526 1210 657 1256 vaticinatos,
675 1221 745 1247 rerum
757 1220 810 1246 sum-

66 1277 104 1315 mis
121 1276 213 1327 deinceps
229 1278 362 1328 temporibus,
379 1291 423 1316 cum
439 1278 553 1328 respublica
567 1278 588 1316 in
603 1275 692 1328 periculo
710 1280 729 1314 et
741 1274 810 1314 discri-

67 1345 119 1383 mine
131 1350 250 1392 versaretur,
263 1351 282 1383 et
293 1345 374 1384 humani
385 1346 460 1396 ingenii
477 1351 538 1396 atque
553 1344 631 1384 consilii
645 1342 765 1393 impotentia
781 1342 812 1380 di·

66 1412 114 1451 vina
128 1413 172 1450 luce
187 1417 207 1450 et
222 1412 298 1450 arixilio
314 1418 386 1463 egeret.
419 1413 465 1452 Hoc
484 1413 535 1451 enim
555 1425 626 1451 munus
650 1411 712 1450 sacris
727 1410 811 1449 Domini

66 1480 146 1519 vatibus
157 1479 266 1518 iniunctum
278 1486 332 1528 crat,
348 1485 370 1519 ut
385 1481 453 1519 divino
471 1481 543 1532 spiritu
558 1480 648 1519 instincti
667 1484 727 1530 atque
737 1477 811 1516 illumi-

67 1548 121 1596 nati,
133 1560 199 1585 rerum
210 1560 223 1586 a
235 1547 271 1586 deo
284 1553 384 1598 gestarum
396 1549 497 1600 explicata
508 1549 587 1587 ratione
596 1554 615 1586 et
624 1548 735 1586 futurarum
745 1546 812 1596 specie

67 1615 183 1666 proposita,
198 1616 299 1665 praesenti
317 1616 387 1667 cuique
402 1617 473 1667 populi
491 1617 551 1655 statui
567 1616 596 1654 ita
611 1615 773 1662 moderarentur,
789 1618 812 1652 ut

68 1684 94 1722 ad
106 1683 262 1732 amplectendam
279 1682 374 1732 salutem,
391 1685 408 1723 si
423 1697 464 1723 non
480 1684 574 1723 universa
589 1696 650 1734 gens,
666 1682 729 1721 electa
743 1687 810 1720 tamen

68 1751 110 1790 cius
128 1750 200 1789 rudera
216 1751 392 1790 conformarentur.
411 1751 504 1791 cuiusvis
519 1752 580 1802 igitur
595 1749 685 1790 vaticinii
704 1762 776 1789 caussa
791 1755 811 1788 et

69 1819 122 1858 ratio
134 1831 145 1857 e
156 1819 252 1870 temporis
264 1819 295 1857 sui
307 1819 420 1858 conditione
432 1821 518 1859 eruenda
529 1825 565 1859 est.

102 1887 146 1925 Iam
157 1899 216 1935 vero,
229 1887 345 1937 priusquam
357 1887 444 1927 civitatis
456 1887 535 1927 divinae
547 1892 632 1935 statum,
646 1887 710 1938 qualis
722 1886 811 1926 Nahumi

70 1959 135 1994 aetate
154 1959 206 2002 erat,
222 1954 358 1994 tristissimum
373 1968 397 1994 ac
408 1968 472 2005 paene
489 1956 615 2006 desperatum
627 1967 753 2004 enarremus,
771 1968 811 1994 me-

70 2022 135 2061 moria
145 2022 213 2073 paullo
227 2022 287 2062 altius
298 2023 402 2062 redeamus
414 2028 499 2074 oportet.

103 2090 145 2129 Ubi
155 2089 292 2129 Israelitarum
302 2090 407 2130 historiam
421 2091 468 2130 inde
484 2091 572 2142 aprimo
587 2091 661 2142 templo
678 2091 771 2130 absoluto
786 2091 813 2131 ad

71 2159 155 2197 alterum
165 2170 230 2209 usque
241 2159 348 2209 cogitando
361 2159 519 2210 complectimur,
534 2158 600 2197 medio
614 2159 657 2198 fere
670 2158 722 2197 inter
737 2165 812 2198 utrum-

72 2239 110 2277 que
125 2226 169 2265 loco
185 2225 308 2264 interiectam
324 2227 413 2265 uidemus
424 2227 497 2267 Ussiae
513 2227 566 2278 regis
577 2232 661 2265 mortem
673 2225 700 2277 (a.
714 2226 750 2265 Oh.
763 2227 813 2278 758).

71 2294 155 2333 Exactis
168 2293 220 2332 enim
229 2293 345 2333 laetissimis
357 2294 472 2335 Salomonis
484 2296 564 2343 diebus,
580 2295 685 2333 confestim
697 2295 760 2344 pestis
770 2295 813 2343 illa,

73 2363 109 2401 sub
127 2362 230 2413 superficie
245 2362 279 2400 diu
294 2367 386 2413 grassata
402 2368 462 2412 atque
479 2362 578 2401 interdum
596 2362 664 2412 palam
684 2362 814 2413 deprehensa,

73 2442 150 2468 summa
162 2443 206 2468 cum
217 2430 313 2468 violentia
324 2430 400 2481 erupit:
411 2429 488 2469 invidia
499 2430 662 2469 decemtribuum
673 2442 720 2481 erga
730 2430 815 2470 ludaeos

73 2497 108 2535 diu
120 2498 207 2536 cohibita
218 2498 377 2549 potentissimam
388 2499 531 2549 rempublicam
542 2498 564 2537 in
580 2499 631 2538 duas
646 2498 742 2537 laceravit
753 2498 816 2549 parti-

74 2565 140 2614 culas,
157 2571 177 2604 et
189 2566 276 2605 defectus
293 2566 416 2615 aDomino,
434 2567 465 2605 cui
482 2565 563 2607 Salomo
585 2566 671 2617 primum
692 2567 816 2615 conniverat,

74 2639 145 2684 postea
160 2645 204 2672 sese
219 2633 285 2684 ipsum
300 2640 369 2685 aperte
384 2634 475 2683 dederat,
491 2635 521 2673 ita
536 2639 606 2673 anctus
624 2639 663 2682 est,
681 2639 703 2672 ut
717 2634 739 2672 in
753 2646 815 2685 regno

74 2700 218 2752 Ephraimitico
229 2701 346 2742 idololatria
360 2702 397 2741 rite
408 2702 500 2742 instituta
514 2703 556 2741 fere
572 2702 598 2741 ad
613 2701 736 2742 eversionem
752 2716 817 2754 usque

75 2782 152 2820 semper
165 2769 255 2817 duraret,
272 2769 342 2808 Iudaei
357 2775 423 2809 autern
437 2771 489 2809 inter
499 2769 582 2809 Domini
598 2773 617 2808 et
630 2768 731 2809 idolorum
743 2771 817 2809 cultum

76 2836 167 2888 suspensi
178 2835 238 2875 modo
249 2837 287 2875 hos
302 2837 362 2876 modo
377 2839 434 2877 illurn
450 2843 590 2890 sequerentur;
607 2842 686 2876 etcum
703 2839 769 2877 decem
782 2838 817 2877 tri-

76 2906 141 2945 bubus
153 2906 220 2946 statim
233 2904 364 2944 destinaretur
375 2907 466 2946 interitus
478 2912 539 2959 atque
550 2906 669 2955 internecio,
679 2906 760 2947 Iudaeis
767 2912 817 2946 tem-

656 2979 682 3010 n*
