1889 3264
100 137 146 183 10‘2-
370 139 418 178 Cn.
428 140 459 177 tn
465 170 469 187 ,
483 154 501 177 v.
512 143 574 177 s-ra

98 266 123 304 ab
135 263 243 314 Aegyptiis
254 263 356 301 imminere
367 263 474 314 perniciem
487 264 608 313 opinaretur.
626 264 649 301 In
662 277 730 303 eorum
742 265 794 303 enim
806 278 841 303 ex-

99 332 232 383 spectatione,
244 344 304 381 penes
317 343 368 382 quos
380 344 458 370 summa
468 335 516 368 tuno
527 332 678 382 postAssyrios
689 333 780 382 potentia
792 338 841 380 erat,

99 400 159 438 defixi
175 399 263 437 omnium
282 399 363 437 haerere
383 397 433 436 oculi
456 399 564 446 debebant,
587 412 630 436 cum
651 400 684 437 de*
697 401 841 451 exstinguendo

98 467 230 517 Assyriorum
242 466 325 516 imperio
338 472 435 517 ageretur.
452 466 495 504 Illis
504 466 565 517 igitur
573 472 592 505 et
600 467 650 517 ipsis
660 480 717 506 suam
726 468 842 517 propediem

98 535 180 573 fatalem
192 534 263 573 adesse
274 535 344 572 horam
357 533 489 585 significatum
505 534 533 572 ita
551 540 573 573 ut
589 535 627 573 boc
642 535 687 573 loeo
705 549 741 586 per
752 536 842 586 negatio-

99 616 144 641 nem
157 603 303 654 quodammodo
315 602 339 640 de
350 601 487 641 instrumentis
498 601 565 641 iudicii
577 603 597 641 in
610 603 707 654 Assyrios
721 604 842 663 prseqnendi

99 671 233 710 instituamur.
249 670 289 715 Hie
305 676 370 708 autem
388 683 460 720 scopus
477 683 516 708 non
533 671 608 721 primo,
629 672 664 709 sed
680 672 765 710 secundo
783 677 843 721 atque

100 740 176 777 minore
187 739 231 776 loco
244 738 346 776 habendus
359 745 394 777 est.

448 925 465 949 r.
479 915 495 949 8.

135 1012 234 1062 Nantqmd
244 1013 309 1050 nacitor
321 1024 339 1049 ea
351 1024 407 1062 quant
417 1012 550 1058 nto-Amnon,
563 1024 611 1061 qnare
620 1012 694 1050 dabitat
702 1014 722 1049 tn
728 1012 842 1061 stautandin,

102 1093 163 1130 aptiae
181 1081 232 1117 eirea
248 1080 300 1117 ecca?
323 1082 374 1118 ciricis
390 1082 522 1119 rranziraeatzna
539 1092 599 1126 piare,
617 1093 626 1117 a
641 1082 692 1117 nunt
710 1093 774 1118 citrarii-a
792 1082 844 1118 eiust

101 1161 180 1202 *poreq
203 1149 282 1186 unicum
298 1147 334 1186 fut.
352 1150 400 1201 avj
425 1161 461 1198 pro
478 1158 524 1200 :nam
552 1148 676 1198 exemplum,
697 1147 726 1185 uti
746 1148 844 1198 reperitur

101 1204 180 1270 exejus
191 1216 249 1254 sinn
265 1220 284 1253 er
300 1211 368 1269 cinna
385 1215 453 1253 rei-em.
469 1215 544 1263 xtrr,
559 1218 591 1262 235
604 1215 645 1253 az.
661 1215 701 1263 rr,
717 1217 734 1254 c.
753 1213 773 1256 a
798 1226 844 1254 nco

101 1270 210 1334 signifieat:
225 1284 275 1322 bene
286 1283 335 1321 mibi
347 1268 377 1321 est
389 1282 439 1322 Gen.
451 1284 504 1331 XII,
518 1286 544 1321 13.
557 1283 606 1331 XL,
620 1287 641 1321 lt
653 1282 686 1322 all.
693 1297 699 1330 ;
712 1283 756 1321 coll.
769 1287 777 1320 l
789 1282 842 1322 Sam.

101 1351 162 1398 XVI,
174 1354 200 1389 lb.
209 1353 231 1388 23
243 1349 263 1393 b
278 1363 328 1398 :tm
341 1364 410 1390 sensus
423 1364 469 1401 ergo
483 1351 606 1401 quaestionis
619 1357 657 1389 est:
670 1364 716 1388 num
728 1351 797 1389 melior
809 1357 844 1388 tua

102 1419 189 1457 conditio
202 1424 243 1466 est,
258 1420 301 1458 ise.
314 1431 360 1456 mun
372 1418 473 1468 potentior
485 1431 506 1457 es
518 1424 537 1457 et
549 1418 678 1468 amplioribus
690 1418 749 1456 etiam
762 1418 843 1456 defensa

102 1486 228 1532 munimentis
240 1500 300 1537 quam
311 1486 451 1524 NoAmmon?
466 1485 546 1524 Natura
556 1486 608 1524 enirn
617 1487 706 1524 locorum
714 1491 744 1524 est
752 1491 771 1524 et
780 1487 843 1524 muni-

102 1560 212 1591 mentorum
224 1555 359 1604 praestantia,
372 1554 453 1604 quaein
463 1553 631 1604 comparationem
641 1558 733 1601 vocatur,
746 1548 782 1592 nee
790 1567 844 1591 mera

102 1622 217 1671 magnitudo
230 1621 347 1672 (Humor).
365 1622 430 1659 Aliter
441 1621 547 1660 Eunicus
559 1622 701 1671 interpretatus
714 1627 755 1660 est:
769 1621 844 1670 „uillst

103 1689 129 1726 dn
146 1689 177 1727 ein
193 1689 282 1728 besseres
295 1689 399 1729 Schieksnl
411 1690 476 1727 baben
489 1694 513 1727 ct.
521 1692 544 1737 ;⁴‘
556 1688 666 1728 Honorum:
684 1702 743 1737 „cum
755 1689 844 1727 moribus

103 1769 143 1794 non
155 1757 225 1795 melior
237 1769 268 1805 es,
284 1758 364 1795 fortune
378 1769 457 1807 quoque
468 1757 549 1795 meliore
561 1770 601 1795 non
616 1757 677 1807 digna
693 1759 739 1804 es,“
755 1757 844 1808 etinge-

103 1824 159 1863 niose
170 1823 249 1864 Unam:
267 1823 337 1872 „Oder
353 1825 394 1862 bist
411 1824 438 1862 du
453 1825 534 1863 besser?
547 1841 571 1852 ·—
583 1825 636 1875 fragt
648 1823 699 1863 Gott
710 1825 747 1862 den
760 1823 843 1872 Stinder,

103 1892 137 1930 der
152 1892 188 1929 mit
202 1892 243 1929 ihm
258 1893 338 1930 rechten
355 1892 407 1940 will,
423 1892 464 1930 und
480 1892 580 1931 solmeidet
597 1893 633 1930 mit
650 1892 713 1930 dieser
725 1892 791 1943 Frage
806 1892 845 1930 alle

102 1959 184 1997 qurzel
194 1960 285 1999 weiterer
293 1960 436 2010 Verbandlung
447 1960 488 1997 und
495 1960 668 2011 Entscliuldigung
680 1960 705 1997 ab
711 1974 716 2007 ;
723 1963 736 1981 “
748 1974 760 1998 a
772 1961 844 2011 quibus

103 2028 228 2077 sequentium
244 2041 335 2067 uersuum
351 2028 402 2065 ratio
415 2027 530 2077 negligitur,
549 2041 599 2079 qnae
616 2028 640 2066 [le
655 2040 731 2065 morum
747 2029 844 2078 depraua-

103 2095 157 2133 tione
173 2095 222 2133 nihil
237 2096 320 2144 habent,
338 2108 405 2134 rerum
422 2095 446 2133 de
461 2096 551 2144 potentia
567 2102 586 2134 et
601 2095 722 2134 firmitudine
739 2101 805 2147 agunt.
819 2119 843 2124 ——

102 2173 124 2212 po
139 2164 308 2213 comparationem
319 2164 431 2203 institutam
442 2157 521 2201 indicat.
534 2186 558 2191 —-
577 2174 624 2213 plan
641 2175 665 2202 x]
686 2163 755 2201 Ierem.
768 2164 842 2211 XLVI,

102 2233 135 2278 253
147 2209 185 2268 E?
194 2231 267 2278 XXX,
282 2235 303 2269 lt
315 2244 341 2270 ss.
354 2231 405 2269 nude
425 2241 449 2269 n]
472 2230 560 2280 dictum,
571 2231 652 2269 Thebas
665 2231 764 2281 significat
775 2233 843 2282 Aegy-

103 2299 192 2348 ptiaeas,
205 2312 218 2337 a
229 2299 295 2337 LXX.
308 2313 326 2337 a.
339 2300 352 2336 l.
365 2300 434 2337 Ierem.
448 2291 581 2350 Αιόσιτολις,
594 2299 626 2337 hic
637 2312 684 2337 vero
706 2295 769 2352 μέρις
781 2291 844 2350 'Ap-

102 2365 150 2416 pebv
172 2366 271 2415 redditas,
283 2367 350 2417 portio
358 2367 474 2414 Ammonis,
487 2366 518 2404 cui
531 2367 679 2405 celeberrimum
690 2367 758 2404 fanum
767 2367 787 2405 in
798 2368 844 2417 ipsa

103 2435 151 2473 urbe
163 2439 217 2481 erat3
229 2434 275 2472 inde
283 2435 321 2474 Ier.
333 2434 403 2472 XLVI
414 2434 458 2485 ipse
469 2435 556 2473 Ammon
568 2434 656 2473 Noensis
669 2434 750 2484 dicitur,
763 2436 844 2486 eiusque

104 2503 177 2541 cultum
188 2502 270 2552 respicit
281 2503 364 2551 Ezeeh.,
381 2515 425 2541 cum
437 2502 510 2549 XXX,
524 2505 545 2541 15
563 2502 683 2541 enuntiaret:
702 2509 722 2541 et
738 2504 843 2553 exstinguo

102 2571 208 2608 triumltum
220 2583 231 2607 e
242 2570 286 2619 No,
307 2581 346 2610 nan
362 2579 409 2620 titan
420 2580 465 2610 'nan
484 2568 606 2621 Significatio
619 2583 637 2608 v.
652 2581 676 2609 a]
694 2571 782 2609 nondum
798 2585 843 2610 enu-

103 2638 167 2677 cleata
178 2644 217 2685 est;
234 2638 322 2677 diversas
334 2652 365 2676 rr.
377 2638 409 2675 dd.
422 2637 526 2688 opiniones
539 2638 628 2676 exhibuit
641 2638 719 2677 Gustu.
732 2640 781 2678 tlies.
795 2653 812 2677 a.
825 2654 843 2678 r.

103 2706 183 2744 Nomen
192 2705 292 2745 aGraeeis
298 2706 343 2745 urbi
352 2706 467 2755 impositum
486 2700 561 2758 Θηβαί
575 2720 598 2745 eo
608 2707 731 2745 referendum
741 2713 777 2754 est,
790 2708 844 2758 qnod

104 2776 147 2824 up,
165 2787 181 2812 e,
194 2774 249 2812 artic.
262 2774 308 2812 fem.
321 2774 377 2824 Tap,
394 2787 464 2812 nomen
480 2779 523 2812 erat
539 2775 660 2813 celeberrimi
676 2775 777 2814 cniusdam
794 2777 843 2814 Am-

104 2842 168 2881 monis
181 2842 256 2881 [lelub'ri
266 2843 329 2881 merlin
338 2843 359 2881 in
368 2843 416 2881 urbe
426 2842 534 2889 aedilieatk
547 2844 600 2894 qnod
609 2856 690 2892 nomen,
702 2844 775 2894 plurali
786 2857 842 2894 pruc-
