1889 3264
274 186 292 236 ξ.
305 188 321 223 2.
339 185 372 224 Da
385 196 469 224 onrornn
481 184 577 224 Ninum.
781 198 803 224 rx

60 310 91 357 II,
113 311 123 346 3
144 308 184 358 alio
205 321 265 348 sensu
282 308 419 359 accipiendum
438 320 491 355 esse,
511 309 565 347 infra
584 308 713 358 probavimus
733 321 753 359 p.
770 310 803 356 553

60 378 83 428 b)
95 376 165 415 deinde
176 376 296 428 imaginibus
307 376 370 414 utitur
382 388 393 413 e
404 379 457 412 terra
469 387 527 413 saera
537 376 616 425 petitis,
635 376 669 414 cfr.
680 377 697 424 I,
709 380 727 425 4,
740 390 760 427 p.
771 379 792 414 18
798 391 804 423 ;

61 445 81 495 c)
98 444 182 495 denique
194 444 258 483 omnis
271 445 313 481 eius
325 441 390 480 oratio
403 447 471 491 aperte
484 447 561 492 spectat
571 442 668 490 Iudaeos,
685 449 727 482 tum
739 444 804 482 nomi-
817 483 819 486 ,

61 511 123 549 netim
135 512 247 562 appellatos
256 511 288 558 H,
299 514 315 548 1.
325 512 346 558 3,
359 514 401 547 tum
413 509 458 548 aliis
470 509 548 549 indiciis
557 510 600 549 sine
610 511 670 549 dubio
678 511 803 562 indigitatos,

60 579 82 627 Ι,
95 582 112 618 9,
123 579 154 627 Π,
168 583 184 616 1.

95 647 122 684 Π.
139 647 250 695 Pergamus
262 650 327 683 autem
345 644 372 682 ad
387 644 468 683 alterius
481 644 590 684 sententiae
607 645 760 683 examinandam
772 659 805 684 ra·

61 714 140 752 tionem.
156 713 195 751 Est
206 713 260 751 vicus
273 713 365 763 quidam,
384 712 461 751 duobus
472 712 576 751 itineribus
589 726 601 750 a
612 711 703 751 Mossnla
715 712 804 752 distans¹

61 781 109 830 (ubi
125 780 164 819 sita
179 780 226 818 olim
241 779 308 820 Ninus
324 780 389 830 erat),
418 773 501 835 vde-&la
523 780 615 819 Alkoseh
631 793 646 818 s.
662 780 805 828 Elkosemtn

62 848 117 887 cuius
129 848 230 886 vicinitate
242 849 318 886 celebre
331 847 433 898 quoddam
448 847 590 886 monasterium
602 848 700 897 reperitur
712 847 749 887 Sti.
762 849 805 885 An-

62 914 134 963 tonii23
146 915 174 953 ibi
179 914 266 954 Nahumi
279 915 388 965 prophetae
400 914 511 953 ostenditur
521 914 643 965 sepulcrum,
653 915 732 953 ludaeis
742 929 806 966 aeque

62 996 85 1020 ac
95 981 212 1021 Christianis
224 995 313 1029 sacrum,
326 986 346 1019 et
357 980 474 1019 ereberrime
487 995 499 1020 a
510 982 620 1032 peregrinis
628 982 725 1020 adorandi
735 995 807 1022 caussa

62 1049 145 1100 petitum
152 1049 163 1088 ³.
185 1051 204 1100 1)
219 1050 310 1087 Primam
325 1048 367 1087 eins
385 1049 500 1087 memoriam
515 1049 598 1087 tradidit
609 1048 744 1099 Arsaniam,
766 1063 806 1101 quo

62 1125 143 1155 anctore
154 1117 245 1165 Merene,
259 1117 368 1155 monachus
379 1116 433 1154 illius
450 1116 541 1155 coenobii
553 1116 645 1168 quidam,
659 1130 675 1156 s.
684 1117 737 1155 XVI
747 1118 806 1165 med,

61 1185 82 1222 in
98 1184 161 1230 literis
178 1185 204 1222 ad
219 1185 335 1223 Busaekum
351 1183 412 1231 datis,
429 1184 487 1222 huius
504 1184 564 1222 viculi
580 1190 600 1222 et
615 1183 705 1222 Nahumi
720 1185 806 1235 sepulcri

62 1251 109 1289 fecit
120 1252 245 1290 mentionem.
263 1251 378 1302 Sepulcrum
389 1251 456 1301 ipsum
467 1251 523 1289 nulla
535 1251 615 1289 omnino
627 1264 747 1302 permagnae
757 1253 807 1290 anti·

63 1319 145 1369 quitatis
156 1319 195 1357 fert
206 1319 308 1369 vestigia⁵.
325 1342 350 1347 —
366 1318 495 1368 Quantopere
510 1318 573 1369 igitur
587 1319 633 1368 ipsa
649 1320 807 1359 testimoniorum

63 1386 182 1438 antiquitate
193 1387 242 1425 haec
253 1387 351 1425 sententia
363 1386 426 1423 altera
437 1386 472 1423 illa
485 1387 599 1436 superaturi

97 1455 117 1505 2)
134 1453 228 1502 Accedit,
242 1454 296 1504 quod
304 1453 411 1492 illustrium
419 1453 508 1490 virorum
517 1453 609 1504 sepulcra
617 1455 693 1503 passim
702 1454 723 1492 in
732 1454 808 1493 oriente

63 1521 166 1559 innumera
178 1522 305 1569 exhibentur,
319 1521 373 1559 omni
381 1520 498 1571 plerumque
510 1520 628 1559 auctoritate
637 1521 725 1560 carentia
729 1536 735 1569 ς
748 1527 808 1572 atque

63 1589 85 1627 in
96 1588 142 1639 ipsa
155 1589 191 1627 illa
201 1588 251 1627 Nini
263 1589 344 1639 regione
355 1600 396 1626 non
408 1588 473 1626 solum
485 1588 567 1626 alonae
579 1589 655 1626 tumulo
667 1588 723 1627 ricus
736 1594 756 1626 et
767 1590 808 1627 rui

64 1669 134 1695 narum
154 1668 236 1695 acervus
256 1669 328 1694 nomen
345 1655 421 1704 accepit
438 1654 505 1693 Nebbi
522 1654 613 1703 Yunusl,
631 1669 700 1694 verum
717 1655 809 1695 Obadiae

65 1723 124 1762 etiam
136 1728 156 1761 et
166 1723 276 1773 lephthae⁷
288 1723 412 1774 aliorumque
423 1727 551 1761 monumenta
564 1728 583 1761 et
595 1723 687 1773 sepulcra
699 1737 711 1761 a
723 1724 810 1763 credulis

65 1796 191 1830 ostentantur
201 1791 278 1829 incolis.

99 1859 119 1909 3)
136 1858 201 1896 Porro
214 1871 258 1896 oum
270 1872 304 1897 eas
316 1863 432 1908 reputarent
443 1858 544 1908 regiones,
560 1858 582 1895 in
599 1871 649 1909 quas
666 1859 733 1897 decem
745 1859 810 1898 tribus

65 1926 146 1965 abducti
161 1927 185 1963 ab
202 1926 293 1975 Assyriis
309 1925 433 1973 uiderentur,
450 1924 547 1963 alii-huic
564 1926 673 1964 sententiae
688 1926 810 1976 patrocinati

66 1999 122 2041 sunt,
138 1993 173 2031 alii
190 1993 299 2031 extiterunt
315 1992 430 2032 adversarii.
454 1993 575 2030 llonuerunt
590 1993 643 2031 enim
659 1992 770 2032 Hrrzrerus
793 1999 812 2032 et

67 2052 199 2107 Kromnos,
216 2074 256 2099 non
272 2061 293 2099 in
304 2061 350 2099 illas
362 2060 457 2111 propriae
469 2060 567 2111 Assyriae
578 2060 650 2111 plagas
661 2065 810 2111 transportatos

65 2130 110 2167 'esse
124 2128 237 2177 Israelitas,
259 2130 293 2167 sed
312 2129 333 2166 in
347 2128 525 2177 Mesopotamiam,
547 2127 692 2178 Babyloniam,
713 2128 810 2177 Mediam,

67 2196 138 2235 Gozau
150 2195 192 2242 all.;
206 2194 439 2235 contraWrcnnnrmuss
449 2195 470 2233 in
481 2195 528 2245 ipsa
539 2195 664 2245 Adiabenes,
678 2209 729 2247 quae
740 2201 812 2247 postea

102 2384 119 2425 1)
131 2382 166 2415 Cir.
178 2381 246 2414 Rrrrsa.
258 2381 313 2413 Erdk.
325 2382 362 2423 IX,
374 2393 390 2424 p.
399 2383 438 2415 746.

102 2439 119 2480 2)
132 2439 167 2471 Ofr.
179 2439 244 2472 ibidem
256 2451 272 2482 p.
281 2439 321 2472 743,

102 2497 119 2537 3)
131 2497 167 2529 Gir.
178 2497 269 2530 Nlnnnunn
283 2495 460 2538 Reisebeschreibung
471 2495 517 2528 nach
529 2495 583 2528 Arab.
596 2500 617 2527 et.
632 2495 661 2536 Il,
674 2505 690 2537 p.
699 2495 738 2527 352.
763 2495 812 2527 chn.

68 2555 155 2587 narrative
166 2554 196 2595 II,
208 2565 224 2596 p.
233 2554 261 2587 99.
273 2554 298 2586 M.
306 2554 382 2586 Lirim.
394 2554 405 2586 l.
413 2554 424 2585 l.
437 2563 454 2594 p.
464 2553 495 2585 125
505 2562 528 2585 ss.
540 2546 603 2585 Rrrrna
615 2553 626 2585 l.
635 2552 646 2584 l.
658 2552 697 2593 IX,
709 2563 725 2594 p.
735 2553 769 2585 743
779 2562 801 2584 ss.

102 2611 120 2651 4)
131 2609 215 2643 Bibliotb.
227 2611 288 2643 orient.
300 2610 318 2650 Ι,
331 2610 370 2643 525.
382 2609 419 2650 ΠΙ,
433 2610 452 2650 1,
465 2618 482 2649 p.
491 2609 530 2642 352³.

103 2668 120 2707 5)
133 2667 169 2700 cfr.
181 2667 258 2700 LAYARn.
270 2668 281 2699 l.
291 2668 302 2699 l.
315 2678 331 2709 p.
340 2667 379 2698 116.

103 2727 120 2766 6)
132 2725 167 2757 Ofr.
179 2724 255 2756 Lanae.
267 2724 278 2754 l.
287 2724 298 2755 l.
311 2734 327 2765 p.
336 2724 375 2756 250.
388 2723 427 2755 261.

104 2784 120 2824 7)
133 2782 168 2814 Otr.
180 2780 258 2813 Nrnnuun
269 2780 281 2811 l.
290 2780 301 2811 1.
313 2780 341 2820 11,
354 2791 369 2822 p.
379 2781 417 2814 357.
430 2780 494 2813 Rrrrnn
505 2781 542 2821 xi,
555 2791 570 2823 p.
579 2782 618 2814 202.

101 2838 121 2878 s)
133 2840 244 2872 boemianus
257 2835 287 2868 das
299 2836 340 2868 Exn
352 2836 383 2870 cler
395 2838 439 2870 zehn
451 2837 528 2871 stamme
540 2838 613 2879 Israels,
626 2837 724 2872 Zeitschrit't
736 2838 752 2870 d.
765 2838 814 2870 deut-

70 2896 121 2929 schen
133 2896 216 2938 morgenl.
229 2893 322 2929 Gerellseh.
337 2894 357 2934 V,
371 2895 425 2935 1851,
438 2907 453 2939 p.
463 2896 568 2929 aot—482.
