1889 3264
283 180 299 229 §.
312 180 328 216 22.
343 177 376 216 Du
389 187 474 217 euterun
483 176 579 216 Niiuurrr.
782 189 806 215 ur

63 313 171 350 consensu,
185 314 224 353 quo
235 300 324 340 Nahumi
336 301 398 339 verba
409 313 454 338 cum
465 300 598 339 monumentis
610 301 707 340 contineri
715 313 806 351 praeser-

63 370 98 408 tim
110 370 130 408 in
142 382 164 408 re
174 369 256 408 militari
271 368 401 407 describenda
416 367 532 417 saepissime
548 369 680 417 ostendimus,
698 368 807 408 sententiae

63 438 116 476 illius
132 437 213 487 patroni
227 437 287 487 longe
302 435 401 474 validiora
416 434 495 472 eliciant
511 441 634 484 argumenta.
652 436 712 484 Quod
727 450 752 475 ne
770 436 806 474 ad-

63 506 152 544 mississe
163 506 281 551 videremur,
294 502 378 553 singulis
390 503 432 540 fere
442 502 492 541 loeis
505 502 628 551 monuimus,
642 504 691 542 satis
700 504 734 541 diu
741 505 806 553 Assy-

63 572 138 611 riorum
150 571 248 610 exercitus
264 571 285 607 in
296 569 413 608 Palaestina
429 574 520 608 versatos
538 569 613 618 fuisse,
632 583 669 608 nec
686 571 746 609 semel
762 576 807 609 ante

63 641 118 690 ipsas
130 638 317 687 Hierosolymorum
333 643 403 687 portas
420 637 540 676 constitisse.
554 659 578 665 -
590 637 647 676 Haec
662 637 724 689 igitur
741 639 808 676 omnia

63 707 98 745 vix
108 706 224 755 ampliorem
233 705 456 755 probantAssyriarum
462 718 529 743 rerum
538 702 678 755 cognitionem,
689 719 750 756 quam
754 718 806 756 quae

64 775 89 812 de
100 773 227 811 celeberrima
239 777 258 811 ct
269 772 409 822 potentissima
420 773 469 811 urbe
480 773 532 811 iuter
543 786 611 812 omnes
622 773 659 811 illo
671 779 761 823 tempore
773 773 808 810 de-

64 842 125 880 bebat
141 840 251 879 constare¹.
279 841 310 878 Ac
330 840 348 879 si
362 840 425 877 multa
442 845 484 878 tum
503 840 569 879 vivide
590 847 688 891 apparent
708 840 808 891 descripta

65 913 126 959 atque
137 913 183 946 ante
195 907 263 946 oculos
274 907 381 957 legentium
393 908 471 957 posita,
489 907 547 958 quasi
561 907 605 957 ipse
622 913 678 946 vates
695 920 762 946 coram
778 907 808 945 vi-

65 976 127 1015 disset
139 975 206 1013 omnia
217 975 351 1025 (Evmnnus):
370 975 481 1013 recolamus
494 979 584 1025 oportet,
598 987 631 1013 eas
643 975 713 1013 referri
724 975 807 1025 species,

66 1056 117 1095 quae
128 1056 164 1093 per
176 1043 272 1082 visionem
284 1042 351 1079 animo
363 1042 405 1081 eius
418 1042 540 1081 extrinsecus
552 1042 624 1081 hausto
632 1043 713 1081 fuerunt
722 1042 808 1080 oblatae.

100 1109 172 1160 Neque
187 1122 236 1148 vero
253 1109 274 1147 in
285 1109 340 1148 hisce
356 1110 487 1159 argumentis,
505 1123 556 1160 quae
571 1110 652 1148 iamiam
670 1110 808 1157 refutavimus,

67 1178 167 1227 acquievit
177 1178 293 1224 Etruscus,
312 1177 346 1216 sed
361 1177 428 1227 ipsum
440 1190 551 1216 sermonem
563 1190 643 1228 quoqne
654 1178 727 1215 habere
739 1177 809 1215 existi-

67 1245 135 1293 mavit,
148 1244 310 1296 quaeAssyriam
321 1245 409 1282 indolem
422 1245 504 1283 olerent.
526 1243 571 1292 Quo
583 1245 603 1281 in
615 1256 687 1294 genere
699 1245 758 1282 affert
769 1250 810 1283 tres

66 1312 158 1361 voculas,
171 1325 222 1363 quae
234 1312 276 1350 sine
288 1312 348 1349 dubio
360 1312 458 1362 Assyriae
470 1317 546 1352 essent:
561 1322 606 1349 :rua
626 1312 656 1360 II,
669 1314 690 1359 8,
707 1322 775 1351 static
791 1317 811 1349 et

66 1385 144 1419 utacum
168 1379 209 1426 ΠΙ,
223 1381 254 1426 175
271 1385 292 1417 at
304 1380 353 1418 duas
364 1380 441 1429 priores
453 1380 517 1430 probe
530 1392 555 1418 ex
566 1380 661 1418 Hebraeo
671 1392 762 1418 sermone
774 1391 810 1417 uo-

67 1447 105 1486 tari
117 1460 177 1497 posse
188 1447 241 1484 infra
252 1446 363 1484 videbimus
376 1446 421 1496 (cfr.
434 1461 451 1485 a.
464 1448 496 1485 hh.
508 1447 550 1500 ll),
568 1461 578 1485 e
602 1460 664 1485 unum
681 1447 735 1497 quod
747 1451 811 1486 restat

67 1524 124 1554 'tuuis
136 1513 181 1563 (cfr.
193 1505 276 1565 ibidem)
288 1514 314 1551 ad
330 1526 411 1552 caussas
428 1527 490 1565 supra
506 1515 609 1565 expositas
625 1515 750 1553 referendum
762 1515 811 1561 erit3

68 1582 139 1620 deinde
151 1581 258 1631 singularis
270 1581 339 1619 suffixi
351 1581 427 1630 species
439 1576 527 1642 uqqum
543 1596 555 1621 a
566 1582 647 1632 poetico
657 1594 748 1621 sermone
755 1594 812 1631 repe-

68 1650 129 1688 tenda
141 1654 170 1688 est
182 1648 226 1698 (cfr.
238 1648 263 1686 ad
275 1648 306 1696 II,
317 1649 353 1699 tt).
367 1648 433 1696 „Tum
445 1661 492 1687 vero
505 1649 585 1700 assequi
602 1662 642 1687 non
660 1649 749 1688 valemus
762 1649 812 1700 quid

68 1717 122 1756 hisce
138 1717 177 1755 sibi
192 1715 258 1754 verbis
269 1728 289 1753 v.
301 1716 334 1753 dd.
351 1715 445 1754 voluerit:
464 1729 515 1764 „aus
532 1717 567 1755 der
583 1716 677 1766 Fassung
694 1717 729 1754 der
740 1716 812 1754 Worte

68 1785 99 1831 II,
113 1787 122 1821 1
134 1783 196 1834 vergl.
207 1783 246 1821 les.
258 1783 308 1831 LII,
321 1786 331 1820 7
343 1774 395 1833 folg't
406 1783 458 1821 noch
469 1783 603 1831 bestimmten,
616 1784 663 1823 dass
676 1797 697 1822 er
709 1784 755 1822 sehr
766 1783 814 1822 weit

68 1865 109 1890 von
120 1851 233 1890 Jerusalem
250 1850 290 1887 und
301 1850 356 1888 duda
372 1850 444 1888 redete.
470 1850 516 1889 Wie
532 1852 621 1902 dagegen
637 1851 669 1888 ein
686 1851 777 1902 Prophet
792 1851 813 1889 in

68 1919 181 1958 Jerusalem
197 1923 248 1956 etvva
264 1931 297 1955 um
313 1918 399 1956 dieselbe
410 1918 454 1955 Zeit
465 1917 506 1968 (vel
521 1919 588 1969 potius
600 1918 618 1956 L
629 1919 687 1957 annis
698 1919 755 1969 post)
772 1931 813 1956 von

69 1986 144 2025 Ninive
155 1985 215 2024 reden
227 1985 305 2032 vvtirde,
324 1986 384 2024 seben
395 1986 433 2023 vvir
444 1999 480 2025 aus
492 1987 527 2024 der
539 1987 585 2025 sehr
597 1986 750 2025 verschiedenen
762 1985 813 2025 Hal-

69 2060 119 2104 tung
130 2053 165 2091 der
176 2054 247 2091 Worte
259 2051 310 2092 sset.
321 2053 353 2101 H,
367 2055 407 2090 13-
415 2055 465 2100 l5;“
482 2067 533 2104 quae
549 2055 612 2092 verba
623 2067 659 2091 nec
668 2041 721 2092 adeo
734 2054 814 2092 diversa

70 2127 116 2160 sunt
127 2121 172 2170 (cfr.
185 2120 211 2158 ad
222 2120 263 2167 III,
277 2121 307 2172 19)
319 2126 339 2158 et
350 2120 367 2159 si
380 2120 428 2171 quid
444 2120 549 2169 differunt,
567 2122 592 2160 ad
608 2121 703 2171 temporis
720 2126 739 2159 et
754 2122 814 2171 scopi

69 2189 166 2227 rationem
179 2187 228 2226 satis
241 2187 340 2237 diversam
352 2189 390 2226 crit
401 2187 531 2227 referendum.
548 2190 583 2228 cir.
601 2189 654 2227 infra
664 2202 685 2238 p.
695 2192 723 2227 47.
736 2212 761 2216 —
772 2189 814 2226 Po-

70 2262 154 2304 stremo,
168 2255 222 2306 quod
234 2259 274 2292 tam
287 2256 368 2304 copiose
378 2261 436 2293 notat
444 2262 511 2295 vatem
520 2257 544 2294 de
553 2257 597 2295 sola
605 2256 660 2294 Nino
670 2257 736 2294 fecere
744 2257 813 2305 verba,

70 2335 199 2375 quemnemo
212 2335 223 2360 e
234 2322 337 2372 prophetis
349 2322 461 2372 prioribus,
477 2324 511 2362 vix
525 2330 555 2362 est
568 2325 621 2374 quod
633 2324 752 2372 retutemus,
769 2336 813 2362 oum

69 2392 91 2430 in
112 2391 224 2430 conditione
244 2390 325 2440 populi,
347 2390 414 2440 paullo
435 2396 482 2440 post
502 2391 582 2430 uberius
603 2391 734 2441 explicanda,
759 2392 815 2442 posi-

70 2466 112 2498 tum
125 2459 191 2498 fuerit.

104 2527 124 2577 c)
143 2526 210 2575 Quare
221 2539 266 2564 eum
277 2526 419 2565 nihilomnino
433 2540 476 2566 esse
487 2527 631 2577 intelligamus,
644 2540 684 2578 quo
697 2526 815 2565 vaticinium

70 2595 90 2633 in
101 2595 189 2644 Assyria
201 2594 274 2632 editum
286 2607 330 2633 esse
347 2596 497 2645 comprobetur,
515 2595 591 2634 accedit
601 2595 692 2645 insuper,
709 2595 763 2645 quod
778 2595 815 2633 du-

71 2663 117 2700 dum
129 2660 373 2710 monuitErcnncnvrus‚
391 2663 461 2713 §.3852
477 2664 528 2711 „das
543 2663 612 2711 Band,
634 2662 719 2701 welches
736 2663 772 2701 itm
788 2676 814 2701 an

71 2731 102 2768 die
114 2730 199 2768 anderen
210 2728 294 2767 Dichter
306 2731 346 2768 und
359 2731 391 2768 die
401 2731 495 2769 fritheren
506 2731 620 2782 Propheten
632 2731 717 2782 kntipft,
733 2731 760 2770 ist
776 2731 815 2769 viel

106 2884 140 2917 Cir.
152 2885 223 2917 Hrrzruu
236 2882 284 2925 proli.
299 2893 314 2924 pi
324 2883 363 2915 227.
376 2883 498 2917 Histinium
509 2882 556 2918 Eint.
568 2884 596 2925 II,
609 2885 624 2917 b.
638 2895 654 2927 p.
663 2884 702 2918 etc
