1889 3264
112 146 142 193 62
166 174 169 178 ¹
385 149 433 189 CnP.
443 150 474 199 II,
487 164 505 188 v.
517 153 568 189 1-5.

112 280 182 322 untur,
199 273 259 324 quui?
280 274 334 325 quod
346 275 442 313 suburbia
458 275 499 314 iam
511 279 610 324 ceperunt.
632 284 696 318 nitur
709 276 758 325 vici,
773 276 851 327 plateae

112 347 167 389 sunt,
180 354 245 392 neque
255 354 302 379 vero
315 343 379 393 campi
391 341 469 391 (Hirr,
480 342 570 392 Mirum),
585 355 637 392 <puae
648 347 737 391 potestas
749 345 806 382 unice
817 358 850 382 ua-

111 410 139 446 let
149 409 210 447 Prov.
220 409 279 455 VIII,
292 411 325 456 263
341 409 458 447 coniunctae
468 409 522 447 haud
538 421 584 446 raro
599 409 691 458 leguntur
704 422 747 447 cum
765 421 851 458 rurum,

112 475 196 524 plateis,
209 480 231 513 ut
242 480 311 513 nostro
323 475 367 514 loco
378 476 408 514 ita
418 476 453 514 Ps.
463 475 555 522 CXLIV,
568 477 595 514 13.
605 479 637 523 143
653 476 699 513 Am.
709 475 725 523 Ι,
741 479 773 523 16;
789 476 851 515 Prov.

111 543 128 592 I,
141 545 172 590 203
189 542 223 593 qui
234 542 285 581 hanc
297 555 377 594 quoque
388 557 457 582 vocem
472 544 537 582 locum
549 542 652 594 aequalem
664 547 684 582 et
695 544 804 594 spatiosum
816 557 852 582 no-

112 616 156 649 tare
172 611 291 649 contendunt
304 609 511 663 (GREVIUS,H1TZ.),
529 611 583 650 omni
597 617 713 662 argumento
730 612 779 650 sat-is
794 612 851 649 firmo

112 678 255 725 destituuntur3
271 678 389 728 propensius
405 680 431 717 acl
445 678 548 718 veritatem
559 678 657 717 Hostum.
675 679 712 727 „in
728 680 765 718 viis
777 679 852 717 extrin-

112 758 168 784 secus
177 746 268 796 circaque
276 746 301 783 ad
310 747 379 784 urbem
388 746 529 795 ducentibus“,
542 751 620 785 secutus
631 746 691 784 LXX
703 741 725 785 ἐν
739 743 789 791 ταῖς
803 738 851 792 ἑξό-

113 811 161 859 (Ιοις
181 811 243 862 (Cod.
256 812 321 850 Vatic.
335 805 416 865 (itote).
443 812 538 852 Suburbii
554 812 606 850 enim
621 813 699 862 plateas
714 812 852 862 intelligendas

112 881 165 918 infra
179 879 295 918 videbimus.
321 892 376 924 nam
392 877 472 927 ibium,
489 881 524 918 cfr.
537 880 606 918 Ierem.
615 879 690 927 XLVI,
703 883 723 927 93
739 879 790 917 Poel
803 878 851 927 (cfr.

112 948 147 986 Ps.
158 946 201 994 CII,
214 949 235 993 93
250 945 299 984 Colr.
308 946 335 995 ΙΙ,
348 947 368 997 2)
380 952 400 985 et
411 947 515 998 Hithpolel
526 960 549 985 eo
561 948 655 986 recedunt
666 960 678 986 a
689 946 771 998 reliquis
782 946 852 984 formis

112 1016 168 1054 uerbi
182 1011 232 1064 tm,
249 1014 303 1064 quod
319 1027 332 1052 a
346 1014 463 1065 splendendi
478 1021 498 1053 et
511 1014 637 1065 superbiendi
651 1015 732 1054 notione
745 1015 818 1053 abeunt
831 1015 853 1051 in

113 1084 192 1121 affinem
202 1081 258 1120 illam
274 1081 369 1120 stultitiae
384 1088 444 1132 atque
455 1082 551 1121 insaniae.
576 1082 666 1120 Insunire
681 1089 746 1121 autem
762 1082 853 1120 dicuntur

113 1163 193 1197 currus,
206 1149 301 1199 singulari
310 1149 412 1187 collectivo
425 1150 571 1200 comprehensi,
584 1150 609 1187 ob
618 1150 718 1200 ingentem
726 1149 851 1196 celeritatem,

113 1232 153 1269 qua
164 1219 202 1256 hnc
213 1217 260 1254 illuc
272 1217 364 1264 avola-ntJ
378 1246 390 1265 „
397 1230 457 1267 supra
468 1218 575 1255 lunnannm
587 1217 629 1254 fere
640 1229 727 1264 morem,
744 1217 781 1254 erit
793 1228 852 1266 quae·

113 1286 159 1323 dam
174 1285 253 1323 insania
265 1284 359 1322 diuinitus
374 1284 481 1322 immissa“
498 1284 609 1323 CALtunus.
635 1282 749 1334 Simplicem
760 1284 811 1321 hanc
823 1288 853 1321 at·

113 1365 151 1403 que
162 1353 254 1389 idoneam
265 1350 375 1389 insaniendi
389 1351 562 1401 significationem,
575 1351 711 1401 exemplorum
719 1351 801 1401 insuper
812 1350 853 1388 evi-

112 1420 179 1458 dentia
191 1419 269 1457 abunde
281 1419 429 1468 comprobatam
441 1418 486 1468 (cfr.
498 1419 567 1456 Ierem.
576 1418 645 1467 XXV,
659 1421 690 1466 lt,
703 1418 781 1466 XLVI,
794 1421 810 1465 a,
828 1418 852 1466 L,

112 1489 145 1535 38,
158 1487 195 1534 LI,
208 1487 239 1537 t),
255 1486 378 1537 reliquerunt
388 1486 448 1524 LXX
463 1478 652 1539 orpzndriccuuor,
669 1485 760 1525 Hmnou.
775 1491 853 1524 coutur-

112 1555 155 1593 bati
167 1559 222 1601 sunt,
240 1554 265 1591 ob
281 1553 401 1592 uenientium
412 1553 556 1592 multitudinem
572 1559 594 1591 ut
604 1559 704 1603 nequeant
715 1553 809 1601 discerni,
825 1559 853 1592 te·

112 1622 185 1660 merius
197 1621 257 1659 etiam
266 1619 379 1673 Sounoua,
388 1619 523 1668 Scuunrurs,
536 1620 621 1660 Senum.
630 1620 670 1658 lex.
680 1621 786 1659 secundum
798 1622 853 1659 arab.

113 1680 149 1730 tte
162 1688 239 1736 excuti,
255 1688 364 1737 dissipari,
374 1701 437 1726 ruere.
457 1688 540 1727 Insania
555 1693 620 1727 autem
632 1688 721 1727 ornatius
732 1688 817 1726 refertur
829 1689 854 1727 ad

112 1768 204 1794 curruum
220 1760 295 1793 motum
310 1755 385 1805 ipsum,
402 1768 461 1806 quam
477 1755 503 1794 ad
519 1761 596 1794 actores
609 1754 706 1806 (Dece).
720 1778 745 1783 —
761 1756 854 1805 Amplius

112 1823 165 1861 idem
177 1823 266 1873 pingitur
284 1836 316 1861 vu.
329 1833 417 1865 mmm:
429 1832 546 1873 ttptt'pnm‘,
566 1823 661 1861 cursitant
675 1822 696 1860 in
707 1823 785 1873 plateis.
808 1833 855 1873 ppm

113 1890 156 1928 Ioel
163 1890 190 1937 ΙΙ,
200 1893 210 1927 o
222 1890 277 1928 audit
289 1890 395 1938 cursitare,
407 1902 443 1928 nec
451 1890 540 1946 reliquus
547 1890 603 1929 uerbi
615 1902 663 1928 usus
675 1890 735 1928 allam
746 1891 810 1929 innuit
818 1903 855 1941 po-

113 1963 213 2004 testatem3
226 1970 267 1995 non
277 1962 306 1995 est
314 1957 384 2007 igitur,
398 1957 453 2008 quod
463 1970 569 2008 sequamur
577 1957 637 1996 LXX
649 1950 854 2011 ocpmtlonrioortcc,

112 2025 204 2063 Hrueou.
223 2025 286 2063 collisi
301 2030 359 2071 sunt,
375 2023 461 2072 Cursu,
479 2024 523 2063 Eu.
538 2038 612 2063 rennen
629 2025 671 2062 sich
688 2038 731 2072 um,
749 2026 781 2063 vel
796 2027 855 2064 etiam

114 2091 234 2130 GALVINUM:
248 2092 374 2141 „percutient
386 2104 458 2130 coxam
467 2091 493 2129 ad
501 2103 573 2130 coxam
581 2105 630 2142 prae
637 2092 698 2130 nimia
706 2092 855 2132 festinationem

147 2160 170 2197 In
188 2159 250 2197 altero
266 2160 354 2196 membro
370 2158 467 2197 fluctuant
480 2158 607 2209 interpretes,
630 2173 717 2210 quonam
732 2160 855 2200 referendum

113 2228 140 2266 sit
157 2226 201 2265 suff.
214 2226 259 2264 teni.
272 2235 354 2277 rumam
376 2226 430 2264 nullo
443 2226 523 2276 negotio
536 2228 600 2266 nodus
616 2228 720 2277 expeditur
736 2241 749 2265 a
766 2227 855 2278 Gnsrro,

114 2295 149 2345 qni
161 2294 265 2333 confestim
277 2293 346 2332 scribit
357 2303 447 2343 narsem,
462 2294 509 2342 alii,
521 2294 556 2345 qui
568 2307 612 2333 cum
623 2295 701 2333 ratione
712 2295 779 2345 potius
792 2302 812 2334 et
823 2298 856 2335 cle-

114 2362 231 2401 liberatione
247 2367 318 2411 agunt,
336 2361 355 2411 1)
370 2362 396 2399 ad
410 2374 478 2399 currus
493 2362 591 2410 referunt,
609 2361 687 2401 (teser.
699 2363 760 2409 thes.;
783 2369 804 2401 at
815 2376 855 2404 :m

114 2430 187 2479 ubique
198 2441 259 2467 masc.
269 2429 345 2477 generis
359 2433 400 2475 est,
412 2428 458 2466 iem.
471 2441 515 2466 cum
527 2430 589 2467 totius
600 2442 670 2467 versus
681 2431 759 2468 ratione
769 2436 846 2482 pugnat
850 2447 855 2479 ;

113 2499 134 2549 2)
146 2497 216 2535 Mnun.
228 2495 313 2534 neutrali
330 2508 390 2535 sensu
401 2508 438 2545 pro
453 2496 478 2534 iis
493 2497 553 2535 rebus
568 2497 650 2547 accipit,
667 2510 718 2547 quae
733 2497 754 2536 in
767 2499 856 2538 curribus

113 2565 201 2615 fulgent,
220 2569 280 2613 atque
295 2564 344 2602 adeo
362 2576 436 2601 meram
454 2564 540 2601 admittit
555 2565 692 2614 repetitionem
703 2578 735 2602 vv.
751 2566 770 2603 'u
781 2567 856 2606 'amsa

115 2646 134 2670 r.
146 2635 167 2679 43
185 2633 206 2682 3)
218 2631 280 2669 satius
293 2636 332 2677 est,
349 2643 393 2668 cum
408 2630 555 2669 Homammo
567 2632 682 2681 proximum
697 2632 745 2670 illud
759 2633 857 2682 respicere

115 2710 201 2741 ummo:
213 2698 291 2748 plateae
303 2698 402 2736 continuis
415 2698 473 2749 quasi
483 2698 560 2737 facibus
572 2699 648 2749 fulgere
659 2699 756 2738 videntur.
773 2700 857 2739 Abeona

114 2772 145 2804 est
156 2765 273 2803 Misi-innuis
286 2766 383 2803 sententia
399 2766 423 2803 de
438 2765 500 2804 oculis
516 2766 599 2804 militum
616 2767 731 2805 ardentibus
743 2768 856 2816 cogitantis,

114 2846 178 2882 aeque
193 2846 216 2871 ac
229 2832 322 2870 Vnrnuur
334 2833 358 2870 de
370 2834 454 2883 pudore,
472 2846 511 2883 qno
525 2834 631 2872 rubescunt
642 2834 772 2883 Assyriorum
784 2835 856 2873 vultus.
