1889 3264
387 138 436 178 ΟΜ).
445 138 467 187 1,
480 151 498 177 v.
510 140 537 176 13.
804 131 834 178 39

91 270 139 314 fert3
159 265 193 317 qui
209 266 235 303 ad
246 264 343 316 Assyrios
361 263 449 301 referunt
460 263 551 310 Anum,
568 261 647 310 Gaea,
663 262 770 308 Faunum,
782 260 835 308 Eun,

90 335 162 381 Hira,
177 333 247 372 iisdem
265 331 392 371 offenduntur
409 329 559 368 difficultatibus
577 343 601 368 ac
613 344 631 368 v.
642 330 678 368 9b.
708 328 835 376 Conceditur,

90 402 175 441 Iudaeos
187 402 273 440 afflictos
286 414 298 439 a
310 401 347 438 deo
359 411 395 448 per
402 397 501 448 Assyrios
513 409 567 445 esse;
579 397 703 447 promittitur
710 410 765 445 verc,
778 410 835 435 num-

91 483 150 522 quam
163 470 188 508 ab
200 470 270 509 iisdem
283 480 317 506 ecs
328 471 424 506 vexatum
434 465 471 513 iri3
489 477 543 513 „non
559 466 613 517 quod
630 470 747 516 perpetuam
762 464 835 504 securi-

92 544 152 577 tatem
163 538 292 589 polliceatur,
308 535 342 574 sed
358 534 411 572 illius
427 538 504 572 tanturn
520 533 630 584 temporis,
647 538 668 572 et
683 533 708 571 ab
720 532 760 571 illis
772 533 836 572 hosti-

91 607 139 654 bus,
159 620 172 644 a
191 605 264 657 quibus
281 609 323 641 turn
341 602 512 649 obsidebantur;“
533 601 626 641 Hrnnou.
654 600 758 639 Habemus
774 601 837 652 igitur

91 675 174 712 eandem
190 675 232 711 fere
248 670 366 711 sententiam
382 683 406 708 ac
417 684 436 708 v.
446 673 467 718 9,
484 670 585 709 defensam
602 669 749 721 quodammodo
765 669 791 708 ab
803 669 835 717 iis,

91 741 126 792 qui
137 741 163 779 ob
175 741 275 791 ingentem
287 737 374 777 hostium
385 739 496 789 potentiam
508 750 605 790 suamque
616 738 732 777 tenuitatem
744 737 836 776 dubitare

92 809 116 847 de
128 808 198 847 salutis
210 807 326 846 certitudine
338 812 463 845 conarentur.

124 876 199 914 Errare
218 875 280 926 igitur
299 874 399 922 videmus,
421 874 456 926 qui
478 879 543 913 totum
561 887 641 913 versum
661 874 694 913 vel
714 873 738 912 de
755 872 835 912 Iudaeis

91 943 165 981 dictum
174 956 217 982 esse
227 942 324 993 (Scnrnu.
332 943 376 994 all.)
385 943 416 981 vel
428 942 452 981 de
457 943 548 994 Assyriis
559 942 620 993 (Eiv,
628 941 690 981 Hrrz.
697 941 741 992 all.)
753 947 835 979 conten-

91 1012 140 1049 dunt
144 1025 150 1059 3
166 1012 202 1050 sed
213 1011 299 1061 primum
311 1011 419 1049 membrum
436 1011 460 1049 de
471 1010 514 1059 his,
532 1011 556 1049 de
567 1010 608 1049 illis
625 1010 709 1048 alterum
720 1009 788 1049 valere
799 1022 835 1059 ap-

90 1085 153 1129 paret.
166 1102 190 1107 -
214 1079 322 1119 Versiones
333 1084 410 1118 veteres
426 1079 475 1118 satis
492 1080 596 1118 confusum
608 1078 738 1117 reddiderunt
749 1090 835 1116 sensum.

89 1146 161 1185 LXX:
188 1139 242 1186 naida
257 1143 321 1200 λέγει
339 1140 416 1200 κύριος
434 1138 548 1200 κατάρχων
566 1137 654 1185 ὑδάτων
673 1138 775 1184 attam·
797 1142 837 1183 καὶ

91 1208 161 1261 οὕτως
176 1204 375 1266 ὁιασταλήσονται,
391 1210 429 1252 καὶ
443 1207 456 1268 ἡ
472 1206 529 1269 ἀκοή
541 1225 582 1253 σου
591 1205 632 1254 οὐκ
642 1205 837 1266 ἑνακουσθήσεται

92 1274 132 1320 ἔτι.
162 1279 217 1331 Syn:
241 1281 285 1329 „sic
295 1281 384 1333 loquitur
395 1281 494 1321 Dominus
507 1283 532 1320 dc
543 1282 642 1333 capitibus
654 1294 752 1332 aquarum
763 1280 835 1319 multa-

91 1362 135 1388 rum
147 1340 218 1417 (lQ
230 1342 273 1397 Lm
286 1359 343 1389 emt
356 1343 419 1400 Q),
435 1364 487 1401 quae
498 1355 608 1401 rapuerunt
620 1355 639 1388 et
651 1349 731 1400 elapsae
743 1354 799 1388 sunt:
815 1357 835 1387 et

91 1417 126 1468 qui
137 1424 157 1455 te
169 1414 272 1464 exaudivi,
285 1431 351 1456 nonne
362 1418 434 1456 iterum
446 1423 465 1456 te
477 1418 617 1457 exaudiam?“
634 1418 678 1469 qui,
691 1423 714 1455 ut
725 1418 749 1455 de
761 1417 834 1456 misera

90 1485 194 1523 literarum
208 1484 330 1524 laceratione
349 1491 424 1525 taceam
443 1487 464 1524 in
479 1487 544 1536 primo
562 1487 652 1526 membro
671 1485 789 1533 commissa,
810 1499 834 1524 eo

90 1552 196 1603 praecipue
207 1559 348 1602 peccaverunt,
362 1554 416 1605 quod
428 1554 512 1593 alteram
523 1555 579 1593 verbi
592 1565 634 1595 niv
644 1559 765 1604 potestatem
777 1567 835 1604 prae-

91 1620 189 1668 tulerunt,
205 1622 339 1670 respondendi
354 1622 441 1673 inquam.
465 1623 574 1661 Ionnrunn
586 1622 617 1669 id,
635 1623 691 1673 quod
701 1621 791 1660 vaticinii
803 1635 834 1660 ra-

91 1688 141 1726 tioni
152 1687 212 1727 latius
223 1690 300 1739 patenti
317 1690 426 1729 subiectum
442 1696 484 1738 est,
500 1691 551 1740 ipsis
563 1690 631 1729 verbis
648 1689 727 1737 intulit,
745 1702 789 1728 cum
806 1691 835 1729 sic

91 1756 201 1794 exhiberet:
217 1757 292 1797 'aaaron
306 1768 422 1801 nutriens]
437 1767 509 1808 janum
525 1766 592 1799 urin:
607 1754 675 1799 mam
691 1767 728 1808 pm
743 1768 771 1798 nc
784 1760 836 1806 ‚atsi

91 1824 165 1862 fuerint
175 1823 258 1874 perfecti
270 1824 352 1862 consilio
365 1831 385 1863 et
396 1825 470 1863 multae
482 1826 542 1864 etiam
553 1839 635 1865 numero
648 1831 717 1878 gentes
729 1840 780 1879 quae
790 1840 835 1865 con-

92 1897 200 1943 gregantur
210 1897 233 1930 ut
243 1898 328 1941 urgeant
339 1891 496 1943 Hierosolyma“
509 1900 545 1932 etc.

432 2077 450 2102 v.
464 2065 491 2101 13.

126 2163 165 2202 Sed
180 2175 229 2201 azarie
241 2163 334 2212 fraiapani
345 2171 414 2202 crotera
430 2167 468 2203 cius
484 2166 517 2202 abs
529 2172 556 2212 te,
572 2173 590 2204 et
600 2167 676 2205 vincula
693 2169 732 2205 eim
744 2179 836 2216 arnapam.

91 2233 183 2270 Alterum
193 2245 213 2269 v.
224 2231 385 2270 unimembrem
396 2232 477 2284 longius
488 2233 528 2272 iam
541 2235 653 2284 exponitur.
668 2246 676 2284 i
688 2233 837 2273 adversativum

92 2299 200 2350 opponitur
216 2298 317 2349 negationi
330 2300 349 2339 'u
365 2296 397 2340 aa.
422 2311 476 2341 nrum
493 2301 597 2340 confestim
616 2288 711 2341 eventura
731 2302 836 2353 significat,

93 2381 144 2419 quae
155 2367 300 2418 praedicentur.
322 2377 363 2410 mira
379 2381 397 2405 a.
407 2380 426 2405 v.
446 2378 487 2411 tata
497 2369 601 2418 vacillare,
614 2370 762 2410 vacillationem
774 2376 837 2420 notat,

92 2435 163 2473 deinde
175 2440 250 2474 vectem
261 2435 323 2474 Num.
332 2435 395 2483 XIH,
409 2437 431 2473 23
443 2440 463 2473 et
474 2443 549 2476 vectem
561 2438 613 2489 iugi,
627 2439 702 2490 quippe
714 2439 748 2490 qui
759 2439 839 2478 vacillet

92 2503 228 2541 incedentibus
245 2504 341 2551 bovibus,
361 2503 412 2542 alias
432 2503 474 2542 fere
488 2516 555 2554 tamira,
576 2512 611 2545 aut
632 2507 709 2545 adiecto
728 2507 773 2565 tiu]
784 2501 838 2546 Lev.

92 2570 176 2618 XXVI,
190 2574 222 2617 133
239 2571 310 2610 Ezech.
320 2571 421 2619 XXXIV,
434 2574 462 2619 ti,
480 2579 514 2610 aut
533 2575 607 2614 omisso
623 2575 694 2613 Ierem.
703 2575 799 2624 XXVII,
816 2578 838 2623 2;

92 2637 196 2685 XXVIII,
211 2641 237 2676 IO.
252 2642 283 2686 1‘23
297 2640 392 2678 translate
405 2639 476 2678 dicitur
487 2641 551 2680 Levit.
559 2643 638 2691 XXVI,
651 2645 682 2681 13:
696 2644 762 2694 „fregi
773 2648 839 2683 vectes

92 2706 134 2756 iugi
146 2706 207 2744 vestri
219 2712 238 2744 et
249 2707 298 2754 feci,
316 2713 336 2744 ut
354 2708 414 2745 erecti
427 2708 567 2757 inc-ederetis&
586 2724 644 2761 quem
660 2711 725 2749 locum
742 2725 767 2750 ex
783 2716 840 2761 parte

93 2773 185 2812 rec-ltavit
196 2774 288 2812 Ezechiel
301 2787 316 2812 c.
327 2775 427 2823 XXXIV,
439 2779 468 2814 tl.
492 2772 555 2825 armus
570 2779 595 2816 ad
607 2778 695 2817 literam:
713 2794 725 2817 a
737 2792 797 2830 super
813 2785 839 2827 tc,

93 2841 122 2880 ita
134 2842 206 2880 utiam
219 2855 258 2880 non
271 2848 348 2893 prcnmt
360 2848 390 2891 te,
410 2843 467 2882 sicuti
485 2843 617 2886 accuratiores
634 2847 654 2885 in
668 2847 705 2886 hoc
716 2859 788 2898 genere
799 2848 840 2886 He-
