1889 3264
384 152 434 192 (lite.
442 153 463 201 l,
476 166 495 191 v.
505 155 533 190 14.

89 278 183 331 quoniam
196 277 311 328 saepissime
322 278 427 316 coniuncta
437 276 466 315 ita
474 276 573 327 leguntur,
585 275 717 327 praeferimus
729 276 750 325 3)
760 273 834 313 rationi

89 347 128 394 illi,
146 358 172 384 ex
188 359 228 397 qua
243 346 272 384 sle
286 345 342 383 audit
358 344 478 383 enuntiatio:
505 357 544 392 „ex
561 344 609 382 aede
624 344 656 381 dei
671 343 700 381 tui
717 342 834 382 exscindam

89 414 190 465 sculptile,
203 419 223 452 et
233 413 292 452 fusile
303 413 377 451 saclam
388 411 500 462 sepulcrum
511 414 582 449 tunm“
594 409 631 460 (na
640 410 704 459 Dran,
716 410 833 462 Hortata),

88 482 135 520 licet
146 481 272 532 simplicitate
284 480 437 518 commendetur.
460 479 481 530 4)
490 480 568 517 Abesse
576 478 664 517 maxime
675 478 701 516 ab
712 478 785 516 idonea
798 491 834 516 er-

90 550 197 600 plicatione
207 549 309 594 videntur,
326 547 398 598 quibus
414 546 510 596 templum
522 552 552 585 est
565 545 597 594 id,
614 545 668 596 quod
684 545 705 583 in
721 546 834 596 sepulcrum

90 622 237 656 converteretur
248 615 365 666 (secundum
375 614 413 653 Ies.
422 614 547 662 XXXVHI,
560 616 589 661 37,
601 614 655 652 unde
666 612 716 651 nihil
727 613 835 664 probatur)

89 685 204 731 Mosarna,
216 683 290 730 Dans,
302 682 405 730 Rosnmr,
418 682 490 733 quibus
502 682 587 721 assentit
597 681 621 720 F.
629 681 767 720 Bonrrronnn
779 680 836 731 (exe-

90 751 187 803 get-krit.
199 750 320 789 Aehrenlese
331 763 351 801 p.
360 752 402 802 40),
415 764 474 799 „cum
485 750 593 789 verisimile
604 755 666 797 esset,
680 749 781 788 destructa
792 749 836 787 ido-

90 820 155 857 lorum
171 819 233 868 adyta
248 817 302 856 haud
317 831 364 856 rarc
379 831 417 868 pro
433 819 529 868 sepulcris
544 830 588 856 esse
603 819 721 867 usurpata.“
738 840 763 845 -
787 816 836 856 Sen-

91 886 153 924 tentia
164 885 225 936 igitur
236 886 285 924 haec
295 885 337 924 fere
349 892 388 924 est:
409 885 512 924 idolorum
524 885 630 924 simulacra
643 898 653 922 e
665 885 745 934 templis
757 885 836 924 exscin-

91 955 172 1001 dentur,
189 958 208 991 et
221 953 261 1003 ipsi
272 954 331 992 ruina
342 966 410 992 eorum
423 953 561 1003 cooperientur
576 958 596 992 et
607 952 733 1002 sepelientur.
758 952 836 1001 Quibus

91 1022 158 1060 verbis
170 1020 275 1060 Sanheribi
288 1033 356 1060 necem
367 1020 406 1060 Ies.
415 1020 531 1069 XXXVII,
544 1023 577 1069 383
590 1019 659 1070 iReg,
670 1019 732 1068 XIX,
745 1022 767 1058 37
779 1032 837 1070 prae-

92 1089 131 1127 dici
149 1089 212 1139 probe
230 1089 346 1128 existimant
361 1089 385 1137 ii,
407 1090 441 1140 qui
461 1094 507 1128 ante
527 1089 603 1127 cladem
622 1088 676 1138 apud
693 1087 838 1139 Hierosolyma

92 1156 183 1207 Assyriis
198 1156 293 1195 inflictam
309 1157 404 1196 cecinisse
420 1157 536 1196 Nahumum
555 1157 687 1203 contendunt3
704 1161 726 1193 at
742 1156 838 1207 quoniam

93 1225 127 1262 diu
138 1229 210 1275 postea
221 1224 295 1263 editum
307 1238 351 1264 esse
362 1225 478 1263 vaticinium
489 1225 636 1272 intelleximus,
652 1224 691 1262 hoc
702 1228 778 1262 tantum
792 1237 839 1262 con-

93 1293 190 1340 cedimus,
207 1298 294 1331 atrocem
305 1293 358 1343 regis
369 1292 423 1331 illius
436 1297 528 1331 eventum
540 1292 623 1342 respici,
642 1296 662 1329 et
672 1291 774 1330 interitum
785 1292 840 1330 haud

92 1361 156 1398 minus
175 1360 330 1410 ignominiosum
346 1361 383 1399 sub
398 1360 486 1411 imagine
502 1360 602 1399 consimili
620 1360 726 1397 universae
741 1360 839 1410 Assyrio-

92 1442 136 1466 rum
148 1428 202 1477 genti
215 1428 335 1466 annuntiari.
352 1428 455 1466 ldolorum
468 1435 533 1466 antem
546 1427 708 1466 commemoratio
721 1432 740 1465 et
751 1427 841 1466 vindicta

93 1496 118 1534 ad
130 1495 180 1534 alias
193 1507 273 1546 quoque
284 1495 397 1535 revocanda
414 1509 496 1535 caussas
512 1500 551 1534 est:
569 1495 666 1546 primum,
683 1495 738 1545 quod
754 1495 776 1533 in
793 1496 841 1533 deo—

93 1577 136 1601 rum
156 1564 180 1601 ab
198 1563 248 1613 ipsis
266 1564 391 1602 inventorum
412 1564 501 1614 potentia
521 1576 577 1602 suam
598 1564 700 1613 ponebant
718 1563 803 1613 gloriam
821 1569 841 1601 et

94 1631 218 1681 snperbiam,
231 1630 311 1679 deinde,
324 1632 378 1682 quod
390 1631 411 1669 in
422 1630 518 1682 religione
530 1636 550 1669 et
560 1630 686 1681 mythologia
698 1644 734 1669 sua
745 1631 842 1682 cuiusque

93 1698 163 1749 populi
174 1698 252 1737 indoles
264 1711 361 1749 suumque
372 1700 473 1749 ingenium
483 1711 601 1749 expressum
612 1704 651 1746 est,
664 1704 773 1749 postremo,
787 1699 842 1750 quod

94 1768 120 1805 ad
132 1767 230 1804 defectum
242 1780 254 1804 a
266 1767 302 1805 deo
314 1767 361 1805 rivo
373 1780 462 1817 veroque
479 1772 498 1805 et
515 1772 648 1805 creaturarum
661 1766 735 1804 cultum
751 1772 792 1805 tam
804 1766 842 1805 ini-

95 1834 181 1873 micitiae
195 1834 292 1874 adversus
309 1834 404 1873 Israelem
420 1848 480 1886 (priam
500 1835 590 1885 ipsorum
607 1834 756 1884 reprobationis
771 1835 843 1873 ultima

96 1916 168 1941 caussa
178 1903 292 1941 revocanda
304 1908 339 1941 est.

129 1970 217 2008 Additur
229 1971 323 2022 denique,
338 1971 467 2022 quamobrem
480 1970 619 2021 exstinguendi
631 1970 671 2009 sint
678 1969 771 2021 Assyrii:
784 1969 842 2009 sicuti

95 2038 150 2077 idola
170 2038 257 2089 gentium
276 2052 335 2089 saepe
354 2039 439 2089 legimus
457 2035 525 2081 ababa
542 2038 605 2087 dicta,
625 2038 655 2077 ita
671 2038 757 2077 cultores
774 2051 843 2078 eornm

96 2105 155 2145 etiam
167 2119 204 2155 pro
215 2107 277 2144 nihilo
289 2107 376 2144 habendi
387 2112 442 2145 sunt:
463 2103 513 2156 ntbp
525 2117 558 2157 Ὀ,
575 2120 629 2145 nam
640 2106 705 2146 levis
718 2119 748 2145 es.
779 2106 842 2147 Cuius

96 2175 152 2212 verbi
160 2171 198 2224 'th
208 2175 314 2224 genuinam
323 2180 442 2224 potestatem
452 2176 501 2212 benc
511 2175 616 2226 descripsit
624 2173 765 2214 chssnnns:
778 2180 842 2224 „nota

96 2242 155 2290 Kal,
167 2241 240 2292 Niph.,
253 2242 298 2290 Hi,
310 2242 380 2292 Hithp.
394 2242 505 2292 significare
517 2242 629 2291 levitatem,
642 2255 726 2293 eamque
737 2243 841 2293 physicam

96 2310 128 2349 vel
143 2311 259 2348 moralem.“
289 2309 322 2349 Sic
338 2311 357 2361 1)
370 2310 463 2361 exiguam
478 2310 507 2348 rei
522 2311 653 2361 quantitatem
670 2316 690 2348 et
705 2311 841 2350 extensionem

96 2378 170 2416 indicat
182 2378 233 2417 Gen.
243 2378 304 2427 VIII,
316 2381 333 2416 S.
347 2381 380 2426 11,
398 2378 484 2429 indeque
499 2380 618 2418 transfertur
633 2379 658 2417 ad
676 2378 737 2417 animi
752 2379 843 2419 rationes

96 2446 138 2484 Iob.
145 2446 194 2495 XL,
206 2450 228 2495 43
242 2446 292 2485 Gen.
299 2446 360 2494 XVI,
372 2450 389 2484 4.
398 2449 409 2484 5
419 2460 471 2497 seqs.
481 2447 551 2496 ΜΝΞ,
564 2447 626 2486 veluti
634 2446 668 2486 Ni.
682 2450 691 2484 1
700 2445 754 2486 Sam.
763 2447 843 2496 XVIII,

97 2516 130 2562 233
147 2513 216 2564 ich.
226 2514 266 2562 III,
281 2517 312 2562 183
329 2515 410 2553 uberius
425 2515 531 2566 proposita
546 2515 654 2554 similitudo
667 2520 698 2554 cst
709 2515 762 2553 Dan.
771 2515 797 2564 V,
810 2518 843 2553 Ἧι

97 2594 185 2632 „pensus
197 2594 218 2620 es
229 2582 296 2630 lance,
309 2590 329 2621 et
339 2583 432 2621 inventus
444 2596 465 2621 es
478 2583 598 2632 tleficiens;“
616 2583 650 2635 qui
662 2596 732 2622 sensus
743 2583 765 2621 in
777 2583 844 2622 locum
888 2574 895 2580 ⁸

97 2655 188 2689 nostrum
200 2650 274 2700 optime
291 2652 382 2701 quadrat.
401 2650 482 2701 (Hira,
495 2651 576 2699 binum,
589 2652 644 2703 Em.)
673 2652 693 2703 2)
705 2651 747 2689 Alii
760 2652 844 2690 alteram

97 2717 153 2757 verbi
167 2718 267 2756 notionem
279 2710 426 2768 praetulerunt:
439 2719 507 2766 vilem,
521 2725 641 2758 contemtum
653 2733 707 2767 esse,
721 2719 756 2757 cfr.
770 2719 844 2759 lSam.

98 2786 127 2834 II,
140 2789 172 2833 305
188 2784 263 2825 &Sam
273 2786 312 2833 Vl,
325 2790 357 2833 '223
375 2786 472 2836 summ,
489 2787 592 2836 Virmn,
608 2788 716 2836 Romam,
734 2788 845 2836 nonnata

98 2854 170 2905 quibus
186 2860 239 2893 recte
254 2853 387 2905 improbrarit
402 2855 524 2904 Hrrziotus,
541 2870 581 2896 non
598 2869 642 2897 csse
658 2856 712 2907 quod
729 2856 844 2907 sepeliatur,
