1889 3264
124 154 155 200 82
390 156 440 196 On.
449 157 479 205 Π,
492 171 511 196 v.
522 160 597 196 rr-rr.

124 294 184 334 quam
196 281 300 332 colligere,
317 292 388 320 sensus
400 286 442 320 est:
457 281 518 320 facies
531 282 667 321 subducuntur
678 282 763 330 rubore3
781 282 868 322 diximus

123 357 190 389 tamen
201 349 333 400 pallescentes
345 349 412 399 potius
424 363 473 399 prae
484 354 538 388 metu
551 349 635 400 cogitari
647 349 714 388 vultus
727 363 787 401 quam
800 352 868 389 erube-

123 422 211 465 scentes3
234 430 297 468 quare
319 418 427 456 secundum
450 417 599 469 similitudinem
622 418 729 455 uerborum
748 417 833 468 Ioelll,
847 422 868 466 ss;

123 486 193 524 Ierem.
202 485 276 534 XXX,
289 488 299 523 6
311 485 405 524 ruborem
416 486 482 524 subito
494 490 607 536 correptum
619 484 728 537 (usupra)
742 490 761 523 et
772 485 826 525 intus
838 500 868 524 re-

124 559 202 604 ceptum
215 553 337 603 cogitamus,
348 553 513 605 quemadmodum
522 559 594 591 natura
603 553 642 591 fert
650 558 673 590 nt
681 553 762 604 sanguis
771 559 868 603 perterre-

123 621 223 659 factorum
235 634 247 659 a
258 622 309 659 facie
321 626 341 659 et
352 622 446 660 membris
457 621 537 660 recedat
546 621 572 659 ad
580 621 685 660 interiores
694 621 784 671 corporis
793 627 867 672 partes.

156 689 189 727 De
200 689 266 727 forma
278 695 297 727 et
309 694 408 728 structura
419 702 489 728 versus
501 690 553 727 bene
563 694 622 727 notat
632 689 739 727 Burrurus:
756 695 801 737 „est
816 690 869 727 inter

123 762 199 807 puncta
211 761 306 807 quattuor
316 756 387 795 relatio
399 757 519 795 immediata.
538 755 579 795 Gor
590 757 642 794 enim
654 757 689 795 nbi
697 756 826 808 liquefactum
838 764 869 796 est

122 825 189 872 intus,
202 824 292 876 sequitur
304 825 364 863 etiam
374 825 425 864 foris
436 825 530 864 titubatio
542 837 638 875 genuum
657 829 676 862 et
692 838 717 863 ex
733 824 802 862 dolore
817 826 868 863 lurn-

122 893 195 930 borum
207 891 268 931 facies
281 893 397 933 contrahere
409 893 461 932 solet
472 895 573 932 atrorem“
585 891 695 943 (mutentur
710 893 814 944 mutanda)
830 893 869 941 „de

124 959 194 998 dolore
205 960 284 998 interno
295 966 410 999 restantem.
428 960 524 1001 Similiter
535 973 571 1011 per
583 960 691 999 chiasmunr
707 960 808 999 inversum
825 973 868 999 cum

124 1028 183 1066 corde
194 1028 269 1077 facies,
281 1040 326 1066 cum
338 1029 421 1080 genibus
432 1029 495 1067 lumbi
507 1028 683 1079 correspondent.“

406 1258 430 1310 C.
453 1275 477 1306 v.
491 1261 542 1307 12-
552 1261 590 1308 14.

157 1366 282 1415 Expugnata
293 1371 314 1404 et
325 1365 391 1404 diruta
402 1366 461 1414 urbe,
480 1366 563 1415 direptis
575 1365 661 1412 divitiis,
677 1365 749 1403 incolis
765 1365 868 1404 trucidatis

124 1433 157 1472 vel
167 1433 188 1471 in
200 1432 293 1471 exsilium
305 1433 410 1481 abductis,
425 1434 465 1471 iam
477 1440 536 1472 vasta
553 1438 573 1472 et
584 1434 663 1472 deserta
674 1433 720 1471 loca
731 1434 869 1483 praesagiente

124 1501 191 1539 animo
201 1500 335 1551 circumspicit
343 1507 407 1549 vates,
417 1515 468 1552 quae
476 1496 665 1551 magnificentissimi
673 1500 721 1538 olim
726 1506 786 1550 caput
792 1501 870 1551 imperii

124 1569 210 1607 tenebat.
218 1568 326 1607 Perculsus
338 1569 443 1607 atrocitate
454 1569 542 1607 institiae
554 1569 634 1607 divinae
645 1574 665 1606 et
676 1581 734 1607 sacra
745 1568 804 1606 simul
817 1569 869 1606 exci-

124 1642 177 1674 tatns
189 1635 266 1684 ironia,
282 1637 388 1675 revertitur
403 1637 499 1674 memoria
513 1637 535 1674 in
547 1642 621 1675 statum
632 1637 729 1686 priorem,
747 1649 790 1673 cum
807 1641 869 1674 terra-

123 1717 169 1741 rum
180 1704 209 1741 ibi
221 1704 313 1743 dominus
325 1705 403 1742 nemine
413 1705 505 1743 turbante
513 1704 617 1743 maiestate
626 1710 689 1742 suaet
698 1703 788 1753 potentia
796 1704 869 1754 gaude-

123 1776 155 1809 ret
166 1784 185 1809 v.
193 1774 225 1819 12,
238 1776 299 1822 atque
309 1772 417 1811 immensas
429 1772 521 1822 deinceps
534 1785 582 1822 opes
594 1772 614 1809 vi
626 1777 646 1809 et
657 1772 733 1822 rapinis
743 1778 870 1819 coacervaret

124 1852 143 1877 v.
154 1841 181 1877 13.
205 1839 234 1877 At
246 1852 294 1877 vero
305 1839 404 1878 Dominus
417 1840 539 1878 exercituum
551 1853 592 1878 una
604 1852 648 1877 cum
660 1838 724 1890 copiis
737 1839 837 1889 armisque
852 1845 871 1876 et

124 1906 195 1957 spoliis
206 1907 295 1959 undique
303 1908 402 1959 congestis
412 1907 567 1946 dominationem
576 1908 617 1946 eius
625 1907 715 1945 funditus
725 1907 802 1945 evertit.
815 1920 834 1944 v.
843 1910 870 1944 14.

467 2090 485 2115 v.
499 2079 527 2114 12.

159 2175 274 2224 „Immensa
288 2177 336 2216 urbs
352 2190 376 2215 ac
390 2177 433 2215 fere
443 2177 585 2228 insuperabilis
600 2190 636 2228 per
648 2177 711 2215 multa
726 2177 793 2215 secula
806 2177 871 2215 diruta

124 2244 185 2291 iacet3
201 2244 280 2294 imperii
296 2245 343 2283 olim
359 2245 478 2295 amplissimi
493 2246 627 2294 munimenta,
648 2244 762 2295 splendoris
781 2246 871 2295 regiique

124 2317 234 2361 apparatus
251 2312 352 2351 domicilia
366 2313 463 2352 hodierno
479 2313 511 2351 die
528 2313 613 2352 diffindit
628 2318 717 2351 aratrum
724 2312 736 2360 ¹,
756 2318 791 2350 ant
807 2313 870 2350 seduli

125 2379 215 2427 accolae,
228 2379 263 2430 qui
274 2380 318 2419 vias
326 2394 362 2431 per
370 2380 446 2419 medias
454 2381 523 2420 ruinas
534 2386 653 2432 sequuntur,
667 2380 789 2418 conculcant.
801 2379 870 2418 Verno

125 2453 215 2497 tempore
226 2460 279 2486 nunc
291 2460 374 2499 aggeres
386 2448 509 2499 graminibus
522 2462 543 2488 se
555 2448 643 2488 vestiunt
649 2446 663 2496 ²,
676 2448 782 2498 omniaque
791 2447 871 2486 collium

126 2515 152 2552 ab
161 2515 207 2564 ipsa
216 2521 288 2554 natura
297 2517 431 2566 profectorum
440 2516 487 2567 iugo
496 2522 538 2556 tam
548 2516 621 2556 similia
630 2520 682 2564 sunt,
692 2515 851 2554 ntNrnnunnrus
857 2515 870 2564 ³,

125 2595 177 2632 quae
189 2582 310 2623 munimenta
316 2589 453 2634 transgressus
462 2590 526 2633 esset,
538 2584 641 2623 Mossulae
650 2584 728 2622 demum
738 2583 870 2633 acceperit⁴.“

160 2757 177 2797 1)
189 2757 225 2790 cfr.
237 2758 291 2791 chnn
303 2763 368 2791 narrat.
381 2770 397 2802 p.
406 2761 433 2792 38.
445 2761 474 2793 43.
487 2762 515 2794 53.

162 2814 180 2853 2)
192 2814 227 2847 on.
240 2817 358 2848 Answonrnn
370 2816 447 2849 Trarels
459 2817 488 2858 II,
502 2819 540 2851 141.
554 2818 594 2850 143.
607 2836 629 2841 —
641 2817 659 2857 3)
671 2815 699 2857 Π,
711 2816 732 2848 53

161 2871 179 2910 4)
191 2871 265 2904 Tucnrus
278 2873 289 2905 l.
301 2872 313 2906 l.
326 2884 343 2914 p.
352 2870 379 2906 55.
393 2874 420 2906 56,
