1889 3264
283 183 299 231 d.
312 185 328 219 3.
344 181 377 220 Da
389 193 472 219 avanto
483 191 590 219 variorum
745 191 811 218 ΜΗ

70 304 124 353 quod
139 303 184 341 inde
199 306 325 354 repetendum
344 311 385 353 est,
405 304 459 355 quod
475 304 529 342 nullo
545 317 570 342 ne
582 304 643 341 verbo
656 302 735 353 (pridem
752 302 812 351 signi-
851 327 853 331 ι

69 371 149 419 ficatur,
166 384 178 409 a
190 362 307 422 quibusnam
320 372 412 423 gentibus
424 375 480 408 tanto
492 370 575 420 imperio
588 370 686 408 excidium
698 366 811 420 pararetur.

69 438 111 477 Eas
126 445 191 477 autem
206 440 330 490 Babylonios
346 444 407 489 atque
422 439 492 476 Medos
508 450 551 476 esse
566 438 617 475 inter
638 450 658 475 se
679 438 811 485 consociatos,

70 512 110 543 tam
128 520 138 544 e
154 506 241 546 IesaiaeI
258 512 277 545 et
292 504 416 558 ΗεὼειΙςιύςί2
427 505 500 544 verbis
510 517 570 556 quam
588 517 613 542 ex
630 509 701 543 eventu
720 505 813 555 colligere

69 573 124 611 licet:
137 574 162 612 ad
175 587 232 624 quem
244 574 313 623 paucis
325 574 365 611 iam
377 573 520 611 absolvendum
533 572 677 623 aggrediamur.

267 691 285 741 ξ.
297 694 314 729 S.
333 701 365 733 ou
378 700 478 733 avuuru
489 700 617 733 vammum

104 776 213 813 Enuntiato
225 773 314 812 Nahumi
331 776 424 814 vaticinio
441 775 541 827 quomodo
557 774 662 825 paullatim
680 774 705 812 ad
724 780 814 813 eventum

72 855 104 881 res
116 843 212 880 deductae
222 842 296 881 fuerint
307 849 329 881 ut
344 856 380 882 suo
397 844 466 881 ordine
483 854 630 892 proponamus,
648 842 734 891 primum
750 855 816 880 rever-

72 909 152 947 tendum
163 909 220 948 nobis
233 911 328 948 memoria
340 910 402 950 estin
418 923 462 948 eam
478 910 622 955 conditionem,
640 909 661 946 in
679 923 719 960 qua
729 909 815 959 Iudaeos

71 981 163 1015 versatos
177 977 240 1016 fuisse
256 977 388 1025 ostendimus,
406 990 449 1015 cum
461 977 555 1016 Manasse
570 989 606 1014 rex
622 975 699 1015 vinetus
711 976 817 1026 Babylone

72 1049 181 1091 tenerctur3
194 1056 233 1094 quo
242 1044 296 1082 facto
305 1045 435 1084 laetissimum
445 1044 532 1083 vaticinii
543 1043 659 1082 conficiendi
668 1044 748 1081 initium
757 1048 817 1094 atque

72 1111 145 1161 pignus
157 1111 258 1160 quoddam
269 1111 291 1149 in
303 1111 367 1150 reditu
379 1113 431 1162 regis
443 1112 531 1162 positum
543 1111 605 1150 fuisse
614 1111 758 1161 intelligemus,
770 1123 817 1148 nam

73 1190 117 1215 cum
128 1191 165 1215 rex
177 1179 202 1218 ab
213 1179 343 1229 Assyriorum
355 1179 452 1228 vinculis,
464 1179 551 1229 populus
563 1180 588 1217 ab
601 1178 673 1216 exsilio
686 1190 816 1217 summanum

73 1245 206 1283 sollicitudine
219 1252 334 1295 exspectato
347 1252 453 1296 appareret
467 1246 573 1293 liberatus,
590 1246 644 1283 haud
660 1250 733 1283 temere
749 1258 817 1295 spera-

73 1313 123 1350 bant
133 1312 176 1350 fore
188 1318 210 1350 ut
222 1314 246 1351 ab
260 1314 314 1350 omni
326 1327 394 1351 eorum
407 1313 542 1351 dominatione
553 1325 602 1351 mox
613 1312 766 1350 vindicarentur.

107 1380 149 1417 Vix
162 1385 227 1417 auteur
239 1381 373 1430 quadraginta
390 1381 448 1419 annis
463 1380 606 1431 praeterlapsis
625 1380 818 1443 luculentiusreven·

75 1448 113 1485 turi
126 1447 201 1484 oraculi
213 1447 290 1497 signum
303 1448 391 1485 oblatum
404 1453 445 1496 est,
462 1461 506 1486 eum
517 1448 637 1494 Plrraortes,
654 1447 759 1484 Medorum
771 1459 817 1493 rex,

75 1528 94 1553 a.
106 1527 122 1552 a.
135 1516 167 1551 (335
180 1513 255 1552 Ninum
267 1515 373 1553 obsideret.
392 1514 446 1553 Nam
459 1516 493 1566 qui
504 1514 682 1554 Assarhaddonem
697 1514 759 1552 secuti
772 1507 819 1552 sunt

76 1581 206 1631 Assyriorum
218 1593 283 1631 reges,
301 1594 342 1619 non
360 1582 424 1620 solum
441 1596 453 1620 a
465 1582 571 1620 dilatandis
588 1581 645 1631 regni
660 1581 734 1619 finibus
750 1594 819 1620 verum

76 1649 135 1687 etiam
152 1649 292 1687 conservandis
308 1649 399 1687 videntur
417 1649 546 1696 abstinuisse3
563 1648 613 1686 nibil
628 1648 680 1685 enim
691 1653 771 1698 praeter
783 1661 819 1685 uo-

76 1716 130 1754 mina
142 1717 166 1754 de
178 1715 202 1754 iis
214 1716 309 1753 traditum
321 1721 362 1764 est,
380 1729 444 1766 neque
461 1729 485 1754 ea
497 1716 576 1766 quidem
589 1716 709 1764 scriptorum
721 1728 820 1754 consensu

76 1784 218 1833 comprobata:
238 1796 285 1821 nam
306 1784 438 1821 Aauxnuona
457 1782 605 1822 Potrnrsroass
624 1789 672 1832 post
683 1783 819 1820 Asordanium

77 1850 202 1900 Sanrmugem
223 1851 305 1900 eiusque
324 1851 406 1888 fratrem
427 1854 449 1888 42
472 1851 529 1888 anuis
550 1862 645 1901 regnasse
665 1850 738 1898 tradit,
758 1850 821 1888 donec

77 1917 230 1967 Nabopolassar
243 1918 268 1955 ad
279 1930 362 1968 regnum
373 1917 496 1967 perveniret;
508 1918 529 1955 in
542 1930 617 1956 canone
631 1916 756 1955 Proernam
767 1917 820 1954 idem

77 1998 174 2024 annorum
185 1997 278 2023 numerus
290 1983 426 2024 Saosduchtno
444 1990 463 2023 et
475 1984 600 2035 Cyniladano
613 1983 717 2032 tribuitur,
736 1985 820 2022 Aaron·

77 2052 128 2091 uus4
140 2057 206 2090 autem
218 2052 302 2090 extremi
314 2052 445 2103 Assyriorum
457 2052 510 2102 regis
522 2065 593 2091 nomen
605 2049 686 2099 Saraei,
700 2051 734 2089 alii
746 2050 820 2091 Sarda-

113 2205 129 2244 l)
141 2204 178 2237 Cir.
189 2204 223 2236 Ies.
235 2202 308 2248 XXIII,
322 2206 353 2237 18:
367 2206 404 2246 „En
416 2210 463 2237 terra
476 2205 611 2247 Chaldaeorum,
623 2207 666 2239 haec
677 2213 703 2239 est
714 2216 766 2248 gens,
778 2215 822 2247 quae

78 2273 113 2294 uon
125 2262 158 2293 fuit
169 2260 256 2301 hueusque
268 2258 285 2298 (i.
294 2270 309 2292 e.
322 2271 365 2302 quae
378 2272 413 2294 non
426 2263 460 2294 suis
473 2262 538 2305 legibus
551 2263 607 2295 adhuc
618 2263 703 2306 parebat),
715 2263 788 2304 Assyria
800 2281 823 2288 -—

79 2318 151 2351 tradidit
163 2328 201 2350 eam
212 2317 273 2357 incolis
286 2317 357 2359 deserti,
370 2337 392 2341 -
404 2319 417 2350 ii
428 2323 484 2352 turres
497 2329 536 2351 suas
549 2320 616 2361 erigunt
633 2318 664 2352 et,“
681 2320 732 2351 Hanc
746 2321 823 2352 uexatis-

79 2376 117 2408 simi
132 2375 166 2407 Ioci
177 2375 274 2406 versionem
290 2374 339 2406 unice
355 2375 426 2416 probari
440 2386 500 2418 posse,
522 2377 617 2409 luculenter
632 2376 708 2409 ostendit
723 2376 823 2409 Daiirzsca.

79 2431 129 2474 proll.
142 2431 164 2463 ad
176 2431 244 2464 Habalr.
255 2443 272 2474 p,
281 2432 327 2464 >urit
335 2441 357 2464 ss,

114 2488 131 2528 ’3)
144 2488 179 2521 Cir,
192 2488 210 2528 I,
224 2488 239 2520 6.
255 2487 338 2528 Quoniam
351 2491 369 2521 in
381 2489 475 2522 Habaliuki
487 2491 572 2522 vaticiniis
585 2490 679 2522 Chaldaeis
691 2489 754 2520 iudicia
766 2488 825 2520 divina

80 2546 101 2577 de
113 2544 192 2585 gentibus
205 2545 297 2577 exercendi
309 2556 370 2578 munus
382 2546 468 2588 tribuitur,
480 2547 533 2580 iidem
546 2547 573 2579 [lei
585 2547 660 2579 ministri
670 2545 715 2588 apud
724 2545 824 2577 Nahumum

80 2604 116 2634 iure
132 2605 234 2633 statuuntur.
258 2594 309 2641 Quod
321 2612 332 2633 a
343 2602 436 2635 Chaldaeis
453 2608 558 2635 everteretur
569 2594 635 2644 Ninus,
651 2604 720 2645 gravius
737 2605 774 2634 erat
785 2612 825 2644 pro-

79 2659 170 2702 phetarum
185 2659 248 2698 menti,
265 2660 345 2700 quoniam
363 2659 452 2693 destruetis
468 2661 546 2701 Assyriis
562 2670 646 2693 summam
662 2660 687 2691 illi
703 2659 749 2690 inter
765 2662 825 2699 gentes

80 2715 175 2758 petendam
191 2715 263 2746 assecuti
279 2719 324 2746 sunt.
347 2715 439 2748 Medorum
456 2726 508 2759 opera
524 2718 542 2749 in
558 2705 608 2750 tiss.
624 2726 659 2748 non
675 2719 825 2755 commemoratur,

81 2782 139 2804 verum
152 2780 161 2803 e
173 2776 250 2802 veterum
262 2772 329 2812 scriptis
341 2774 454 2814 cognoscitur.
466 2784 482 2806 v.
495 2774 546 2806 infra.

116 2828 133 2869 3)
145 2829 180 2861 Cir.
192 2828 262 2860 Eosuau
274 2827 332 2859 chron.
345 2839 387 2862 ann.
399 2829 424 2871 (4)
437 2843 453 2873 p.
462 2832 490 2864 44.

117 2885 135 2925 4)
147 2885 183 2919 cfr.
195 2885 258 2918 ibidem
270 2896 286 2926 p.
296 2886 323 2918 54.
