1889 3264
357 137 524 187 enniano,
764 135 812 181 125

69 262 178 313 refugium3
195 268 216 301 at
228 274 268 300 oum
281 265 365 301 aroritnr
376 264 414 309 sol,
431 263 469 301 ie.
483 275 526 300 oum
542 262 601 300 altius
619 261 708 301 ascendit
723 268 813 313 tempore

69 343 130 369 verno
143 331 175 369 vel
186 330 275 378 aestivo,
287 330 380 379 avolant,
396 344 432 369 nee
447 330 504 368 novit
515 330 622 381 qnisquam
633 330 710 379 loenm,
726 344 763 370 neo
778 331 813 370 nbi
831 375 835 380 ,

69 400 149 438 fuerunt
164 412 201 437 nee
217 410 257 449 quo
273 398 314 437 iam
326 398 398 437 abiere.
411 399 446 437 ofr.
461 398 527 438 Boon.
540 398 553 436 l.
562 398 575 436 l.
593 397 626 436 De
643 411 692 436 voee
710 408 752 448 nup
767 409 812 438 nnn

48 470 49 473 ’
70 467 182 517 ambigitur,
199 472 265 504 utrum
281 465 385 504 hibernum
404 472 481 516 tempus
493 479 519 503 an
531 471 609 504 nootem
624 466 724 516 indigitet3
741 466 813 516 quibus

70 536 108 573 hoo
120 534 207 585 placuit,
219 534 312 582 Manem,
324 533 414 582 Bonon,
426 534 506 581 tillon,
518 533 579 572 Hrrz¹
592 534 636 582 all,
648 534 663 571 ii
676 517 813 585 ndglexernnt,

70 608 148 641 tantam
162 601 275 639 libertatern
290 601 451 652 frequentissimo
468 601 528 640 etiam
543 601 599 640 verbi
614 602 660 640 usui
678 601 715 640 vix
732 601 813 640 concedi

70 671 125 721 apud
135 669 252 717 Hebraeos,
268 676 301 718 ut,
321 670 380 708 sicuti
394 670 415 709 in
426 671 515 709 Arabico
532 682 622 710 sermone
637 683 678 708 non
693 683 761 708 rarum
776 676 813 718 est,

71 739 172 777 contraria
182 738 250 776 valeat
261 738 382 790 signiticare3
395 751 421 777 ex
433 739 496 777 altera
506 744 565 789 parte
576 739 646 790 nequit
657 738 736 788 negari,
749 751 768 777 v.
778 750 815 779 nur

71 820 112 845 uon
124 807 182 845 aliter
194 807 268 845 dietum
279 807 364 845 inveniri
376 806 415 846 nisi
427 808 451 845 de
463 807 505 846 sole
518 807 594 845 oriente
609 806 683 847 asam.
693 806 779 854 XXIII,
791 810 814 854 43

71 876 114 913 lon.
124 875 160 923 IV,
170 877 180 912 8
190 874 236 923 all,
248 874 281 913 rel
292 875 317 913 de
328 874 435 925 splendore
446 875 551 914 etenebris
560 874 682 914 elucescente
689 874 728 913 Ies.
737 873 783 923 LX,
793 874 814 921 I;

71 943 131 983 Deut.
144 943 219 991 XXX,
232 946 253 990 2,
269 945 298 981 ita
310 948 332 981 ut
343 948 429 993 nequeat
440 943 503 982 soler'n
514 943 574 982 altius
584 943 690 993 paullatim
702 947 814 993 surgentem

72 1012 189 1062 significare.
217 1010 261 1049 Neo
277 1011 340 1061 probe
359 1011 495 1050 difficultatem
513 1011 627 1062 composuit
647 1011 814 1059 Hoannmnms,

72 1092 116 1117 eum
129 1079 195 1128 „diem
205 1078 262 1117 illum
274 1079 369 1130 frigidum
380 1080 432 1118 inter
444 1086 464 1119 et
475 1080 588 1118 calidiorem
600 1079 649 1118 solis
662 1085 728 1117 ortum
736 1084 815 1118 noctem
866 1074 870 1077 ⁴

71 1149 166 1186 interesse
182 1147 322 1198 cogitandan1“
335 1148 464 1186 existimaret.
482 1147 548 1186 Nobis
561 1152 652 1186 constare
664 1148 731 1187 omnia
745 1147 814 1186 riden-

73 1222 114 1263 tur,
132 1215 192 1253 modo
204 1215 326 1263 recolamus,
339 1216 360 1253 in
371 1215 411 1254 illis
423 1216 538 1266 regionibus
550 1215 631 1254 hiemali
645 1222 736 1265 tempore
752 1215 815 1254 solem
852 1268 854 1271 .

72 1296 150 1334 semper
165 1283 206 1321 fere
223 1283 329 1322 obductum
345 1284 430 1323 nubibus
446 1297 500 1331 esse,
523 1283 593 1334 quibus
610 1283 714 1331 discussis,
731 1284 816 1334 erumpit

72 1350 220 1404 quodammodo
233 1365 244 1389 e
256 1352 340 1402 ealigine
351 1352 412 1403 (nir),
425 1358 444 1390 et
451 1353 514 1408 libere
522 1352 629 1402 splendens
637 1352 714 1390 reducit
722 1352 815 1390 calorem.

72 1444 96 1449 —
112 1430 170 1467 iiii,
182 1419 196 1456 f.
208 1419 260 1471 Poal
272 1433 290 1458 a.
302 1434 321 1459 v.
337 1431 372 1460 *rii
391 1420 473 1468 efren,
485 1420 569 1470 passiva
580 1420 654 1470 speeie,
668 1420 716 1458 alibi
727 1433 768 1458 non
781 1421 816 1458 ob-

71 1489 116 1537 via,
130 1487 311 1539 egregieAssyrios
322 1502 363 1527 non
375 1494 446 1540 sponte
458 1502 494 1528 sua
507 1489 541 1527 sed
556 1488 637 1540 fugatos
654 1501 771 1527 evanescere
785 1488 816 1527 in-

72 1558 152 1608 digitat3
169 1555 276 1605 singularis
293 1563 359 1595 autem
375 1570 469 1596 numerus
480 1556 580 1607 ingentem
591 1557 737 1607 praefectorum
748 1569 816 1595 nume-

71 1638 116 1663 rum
135 1624 194 1662 unius
214 1625 299 1674 agminis
320 1624 440 1675 cogitatione
461 1625 616 1675 comprehendit.
632 1647 657 1652 —
672 1625 760 1663 Additur
780 1637 817 1674 per

72 1691 219 1732 assonantiam:
232 1692 256 1732 ”a
270 1703 317 1736 rii)
332 1689 376 1744 uit,
388 1699 407 1731 et
416 1695 517 1741 paor-arar
528 1694 579 1730 10005
591 1695 641 1737 0100,-
658 1693 693 1731 ofr.
706 1693 728 1741 I,
741 1695 762 1741 85
780 1692 816 1731 Ps.

73 1761 130 1809 CIII,
144 1763 171 1798 16,
185 1769 223 1818 02³}
238 1760 340 1810 praeclare
352 1767 372 1799 et
382 1774 419 1811 per
430 1761 538 1799 ludibrium
550 1760 638 1812 (Uitru)
644 1761 704 1811 plane
714 1761 761 1799 illos
771 1774 817 1799 eva-

72 1842 153 1867 nescere
165 1834 184 1866 et
195 1840 253 1866 rasos
265 1829 412 1879 quodammodo
424 1842 437 1867 a
449 1828 493 1867 solo
505 1842 549 1868 esse
557 1834 625 1875 notat3
641 1830 676 1868 cfr.
689 1828 747 1869 sach.
759 1828 781 1877 I,
794 1831 817 1876 53

73 1897 107 1936 Ps.
115 1896 169 1944 CIII,
180 1899 210 1935 16:
224 1909 284 1944 „nam
296 1901 366 1935 ventus
379 1897 451 1935 transit
461 1909 498 1946 per
510 1910 561 1945 eum,
573 1910 609 1935 neo
618 1901 655 1945 est,
664 1897 765 1935 neonorit
773 1910 818 1935 eum

74 1966 133 2012 etiam
145 1965 201 2003 loeus
213 1964 284 2012 eius;“
297 1964 362 2002 forma
374 1964 510 2003 contractione
521 1965 588 2004 evadit
599 1978 625 2003 ex
642 1974 672 2015 tn]
687 1975 734 2018 *3³5-
757 1964 818 2002 LXX

74 2034 157 2071 confuso
177 2043 214 2072 nux·
234 2045 278 2070 oum
292 2043 334 2075 riu:
348 2023 488 2079 οῧαὶαὗτοῖς.
500 2055 525 2060 -—
543 2032 636 2071 Ceterum
651 2031 687 2070 rix
708 2033 745 2070 erit
764 2032 819 2082 quod

73 2113 199 2148 moneamus,
216 2100 365 2139 similitudinem
377 2113 418 2152 non
429 2101 546 2151 in'singulis
558 2101 617 2139 etiam
632 2102 662 2139 ita
677 2112 721 2138 esse
737 2100 818 2151 exigen-

75 2169 130 2217 dam,
147 2175 170 2207 ut
181 2169 229 2207 solis
242 2180 322 2219 quoque
334 2168 442 2208 exorientis
451 2181 534 2219 scopum
546 2181 676 2219 quaeramus,
694 2169 723 2205 uti
735 2168 817 2206 Maron.

74 2238 107 2275 all.
125 2236 190 2275 Deum
202 2236 354 2284 intellexerunt,
371 2250 383 2275 a
399 2250 438 2287 quo
456 2237 602 2287 expellerentur
614 2236 695 2287 Assyrii
700 2250 706 2283 ;
723 2237 764 2274 imo
779 2243 819 2275 ter-

73 2306 133 2354 tium,
146 2305 200 2356 (prod
213 2304 278 2353 aiunt,
292 2305 447 2356 comparationis
458 2305 508 2343 nihil
520 2311 562 2354 est,
574 2305 613 2344 nisi
626 2305 680 2357 quod
692 2305 759 2360 subito
772 2318 818 2343 eva-

74 2379 157 2413 nescunt
168 2386 204 2413 neo
217 2373 278 2412 ullum
290 2386 358 2413 eorum
370 2379 462 2424 superest
473 2387 499 2413 ne
510 2373 617 2425 vestigium
630 2373 716 2426 quidem.

378 2579 394 2617 b.
412 2581 472 2618 v.18.
486 2581 513 2617 19.

422 2695 441 2720 v.
452 2683 480 2719 18.

107 2781 220 2819 Demittunt
233 2786 321 2831 pastores
337 2785 375 2829 tot,
391 2795 424 2821 ree
442 2783 543 2833 Assyriae,
560 2783 655 2832 prriesooat
670 2784 765 2833 ineprnfiaz'
781 2785 821 2827 tat,-

74 2851 153 2902 cttspersi
170 2856 213 2888 serat
225 2851 307 2900 populns
323 2856 365 2891 tear
380 2864 416 2902 per
431 2858 511 2898 orontes,
526 2863 560 2891 nee
576 2854 646 2902 estqui
658 2853 738 2903 rolltpot.
751 2874 774 2879 -—
787 2860 821 2895 Dii
