<?xml version="1.0" encoding="UTF-8"?>
<!DOCTYPE html PUBLIC "-//W3C//DTD XHTML 1.0 Transitional//EN"
    "http://www.w3.org/TR/xhtml1/DTD/xhtml1-transitional.dtd">
<html xmlns="http://www.w3.org/1999/xhtml" xml:lang="en" lang="en">
 <head>
  <title>
</title>
<meta http-equiv="Content-Type" content="text/html;charset=utf-8" />
  <meta name='ocr-system' content='tesseract 3.04.00' />
  <meta name='ocr-capabilities' content='ocr_page ocr_carea ocr_par ocr_line ocrx_word'/>
</head>
<body>
  <div class='ocr_page' id='page_1' title='image "MN41908ucmf_7_0045.png"; bbox 0 0 1889 3264; ppageno 0'>
   <div class='ocr_carea' id='block_1_1' title="bbox 255 170 823 222">
    <p class='ocr_par' dir='ltr' id='par_1_1' title="bbox 255 170 823 222">
     <span class='ocr_line' id='line_1_1' title="bbox 255 170 823 222; baseline -0.009 -12"><span class='ocrx_word' id='word_1_1' title='bbox 255 172 272 222; x_wconf 59' lang='grc' dir='ltr'><strong>ξ.</strong></span> <span class='ocrx_word' id='word_1_2' title='bbox 285 176 302 211; x_wconf 76' lang='lat'><strong>4.</strong></span> <span class='ocrx_word' id='word_1_3' title='bbox 321 171 355 211; x_wconf 80' lang='lat' dir='ltr'><strong>Du</strong></span> <span class='ocrx_word' id='word_1_4' title='bbox 367 182 494 212; x_wconf 79' lang='lat' dir='ltr'><strong>eormrroru</strong></span> <span class='ocrx_word' id='word_1_5' title='bbox 505 170 638 210; x_wconf 78' lang='lat' dir='ltr'><strong>Iunnnonurr.</strong></span> <span class='ocrx_word' id='word_1_6' title='bbox 767 177 823 206; x_wconf 76' lang='lat' dir='ltr'><strong>xxm</strong></span> 
     </span>
    </p>
   </div>
   <div class='ocr_carea' id='block_1_2' title="bbox 78 289 822 547">
    <p class='ocr_par' dir='ltr' id='par_1_2' title="bbox 78 289 822 547">
     <span class='ocr_line' id='line_1_2' title="bbox 78 289 822 348; baseline -0.007 -14"><span class='ocrx_word' id='word_1_7' title='bbox 78 295 125 343; x_wconf 82' lang='lat' dir='ltr'><strong>tuit3</strong></span> <span class='ocrx_word' id='word_1_8' title='bbox 141 296 162 333; x_wconf 91' lang='lat' dir='ltr'><strong>in</strong></span> <span class='ocrx_word' id='word_1_9' title='bbox 179 301 263 348; x_wconf 85' lang='lat' dir='ltr'><strong>utroque</strong></span> <span class='ocrx_word' id='word_1_10' title='bbox 278 298 347 348; x_wconf 88' lang='lat' dir='ltr'><strong>templi</strong></span> <span class='ocrx_word' id='word_1_11' title='bbox 363 296 416 335; x_wconf 84' lang='lat' dir='ltr'><strong>atrio</strong></span> <span class='ocrx_word' id='word_1_12' title='bbox 433 295 558 346; x_wconf 84' lang='lat' dir='ltr'><strong>(pontificum</strong></span> <span class='ocrx_word' id='word_1_13' title='bbox 574 301 594 334; x_wconf 91' lang='lat' dir='ltr'><strong>et</strong></span> <span class='ocrx_word' id='word_1_14' title='bbox 605 294 684 346; x_wconf 87' lang='lat' dir='ltr'><strong>populi)</strong></span> <span class='ocrx_word' id='word_1_15' title='bbox 700 291 768 332; x_wconf 88' lang='lat' dir='ltr'><strong>eiectis</strong></span> <span class='ocrx_word' id='word_1_16' title='bbox 779 289 822 329; x_wconf 91' lang='lat' dir='ltr'><strong>Do-</strong></span> 
     </span>
     <span class='ocr_line' id='line_1_3' title="bbox 78 358 822 414; baseline -0.007 -13"><span class='ocrx_word' id='word_1_17' title='bbox 78 363 126 401; x_wconf 86' lang='lat' dir='ltr'><strong>mini</strong></span> <span class='ocrx_word' id='word_1_18' title='bbox 142 363 248 414; x_wconf 82' lang='lat' dir='ltr'><strong>altaribus,</strong></span> <span class='ocrx_word' id='word_1_19' title='bbox 268 366 337 413; x_wconf 83' lang='lat' dir='ltr'><strong>Baali,</strong></span> <span class='ocrx_word' id='word_1_20' title='bbox 357 363 447 410; x_wconf 83' lang='lat' dir='ltr'><strong>Astarti,</strong></span> <span class='ocrx_word' id='word_1_21' title='bbox 467 368 486 401; x_wconf 93' lang='lat' dir='ltr'><strong>et</strong></span> <span class='ocrx_word' id='word_1_22' title='bbox 501 363 594 402; x_wconf 86' lang='lat' dir='ltr'><strong>universo</strong></span> <span class='ocrx_word' id='word_1_23' title='bbox 609 364 709 402; x_wconf 84' lang='lat' dir='ltr'><strong>coelorum</strong></span> <span class='ocrx_word' id='word_1_24' title='bbox 726 358 822 399; x_wconf 80' lang='lat' dir='ltr'><strong>exercitui</strong></span> 
     </span>
     <span class='ocr_line' id='line_1_4' title="bbox 78 428 822 481; baseline -0.004 -13"><span class='ocrx_word' id='word_1_25' title='bbox 78 432 147 470; x_wconf 87' lang='lat' dir='ltr'><strong>foedas</strong></span> <span class='ocrx_word' id='word_1_26' title='bbox 164 433 227 471; x_wconf 81' lang='lat' dir='ltr'><strong>erexit</strong></span> <span class='ocrx_word' id='word_1_27' title='bbox 242 447 298 480; x_wconf 85' lang='lat' dir='ltr'><strong>aras3</strong></span> <span class='ocrx_word' id='word_1_28' title='bbox 315 437 344 480; x_wconf 83' lang='lat' dir='ltr'><strong>ei,</strong></span> <span class='ocrx_word' id='word_1_29' title='bbox 362 431 416 481; x_wconf 84' lang='lat' dir='ltr'><strong>quod</strong></span> <span class='ocrx_word' id='word_1_30' title='bbox 431 443 489 468; x_wconf 90' lang='lat' dir='ltr'><strong>nemo</strong></span> <span class='ocrx_word' id='word_1_31' title='bbox 505 436 564 469; x_wconf 83' lang='lat' dir='ltr'><strong>antea</strong></span> <span class='ocrx_word' id='word_1_32' title='bbox 578 431 645 469; x_wconf 83' lang='lat' dir='ltr'><strong>fuerat</strong></span> <span class='ocrx_word' id='word_1_33' title='bbox 656 442 727 478; x_wconf 81' lang='lat' dir='ltr'><strong>ausus,</strong></span> <span class='ocrx_word' id='word_1_34' title='bbox 743 428 765 466; x_wconf 90' lang='lat' dir='ltr'><strong>iu</strong></span> <span class='ocrx_word' id='word_1_35' title='bbox 776 428 822 478; x_wconf 88' lang='lat' dir='ltr'><strong>ipsa</strong></span> 
     </span>
     <span class='ocr_line' id='line_1_5' title="bbox 78 495 821 547; baseline -0.007 -9"><span class='ocrx_word' id='word_1_36' title='bbox 78 499 127 538; x_wconf 83' lang='lat' dir='ltr'><strong>aede</strong></span> <span class='ocrx_word' id='word_1_37' title='bbox 138 499 220 540; x_wconf 85' lang='lat' dir='ltr'><strong>Domini</strong></span> <span class='ocrx_word' id='word_1_38' title='bbox 232 506 304 540; x_wconf 85' lang='lat' dir='ltr'><strong>tetrum</strong></span> <span class='ocrx_word' id='word_1_39' title='bbox 313 499 403 539; x_wconf 87' lang='lat' dir='ltr'><strong>Astartis</strong></span> <span class='ocrx_word' id='word_1_40' title='bbox 416 498 543 538; x_wconf 81' lang='lat' dir='ltr'>simulacrum</span> <span class='ocrx_word' id='word_1_41' title='bbox 556 499 664 538; x_wconf 86' lang='lat' dir='ltr'><strong>constituit.</strong></span> <span class='ocrx_word' id='word_1_42' title='bbox 677 498 754 545; x_wconf 87' lang='lat' dir='ltr'><strong>Porro,</strong></span> <span class='ocrx_word' id='word_1_43' title='bbox 767 495 821 547; x_wconf 86' lang='lat' dir='ltr'><strong>quod</strong></span> 
     </span>
    </p>
   </div>
   <div class='ocr_carea' id='block_1_3' title="bbox 75 658 822 2925">
    <p class='ocr_par' dir='ltr' id='par_1_3' title="bbox 75 658 822 1776">
     <span class='ocr_line' id='line_1_6' title="bbox 78 658 821 707; baseline -0.007 -12"><span class='ocrx_word' id='word_1_44' title='bbox 78 664 153 705; x_wconf 86' lang='lat' dir='ltr'><strong>lacrum,</strong></span> <span class='ocrx_word' id='word_1_45' title='bbox 165 674 197 696; x_wconf 87' lang='lat' dir='ltr'><strong>nec</strong></span> <span class='ocrx_word' id='word_1_46' title='bbox 209 674 244 697; x_wconf 88' lang='lat' dir='ltr'><strong>non</strong></span> <span class='ocrx_word' id='word_1_47' title='bbox 257 663 302 707; x_wconf 83' lang='lat' dir='ltr'><strong>apud</strong></span> <span class='ocrx_word' id='word_1_48' title='bbox 314 663 376 697; x_wconf 82' lang='lat' dir='ltr'><strong>Persas</strong></span> <span class='ocrx_word' id='word_1_49' title='bbox 388 664 476 696; x_wconf 84' lang='lat' dir='ltr'><strong>invenitur</strong></span> <span class='ocrx_word' id='word_1_50' title='bbox 487 663 524 706; x_wconf 85' lang='lat' dir='ltr'><strong>(cfr.</strong></span> <span class='ocrx_word' id='word_1_51' title='bbox 536 664 578 697; x_wconf 69' lang='lat' dir='ltr'><strong>Lar,</strong></span> <span class='ocrx_word' id='word_1_52' title='bbox 590 663 601 696; x_wconf 94' lang='lat' dir='ltr'><strong>l.</strong></span> <span class='ocrx_word' id='word_1_53' title='bbox 609 664 621 696; x_wconf 91' lang='lat' dir='ltr'><strong>l.</strong></span> <span class='ocrx_word' id='word_1_54' title='bbox 633 673 649 705; x_wconf 88' lang='lat' dir='ltr'><strong>p.</strong></span> <span class='ocrx_word' id='word_1_55' title='bbox 657 661 696 695; x_wconf 82' lang='grc'><strong>416.</strong></span> <span class='ocrx_word' id='word_1_56' title='bbox 709 658 821 693; x_wconf 58' lang='grc'><strong>1110111100-</strong></span> 
     </span>
     <span class='ocr_line' id='line_1_7' title="bbox 78 716 821 763; baseline -0.005 -12"><span class='ocrx_word' id='word_1_57' title='bbox 78 720 111 752; x_wconf 86' lang='lat' dir='ltr'><strong>veh</strong></span> <span class='ocrx_word' id='word_1_58' title='bbox 127 720 162 752; x_wconf 85' lang='lat' dir='ltr'><strong>and</strong></span> <span class='ocrx_word' id='word_1_59' title='bbox 177 720 274 763; x_wconf 77' lang='lat' dir='ltr'>Persepolis</span> <span class='ocrx_word' id='word_1_60' title='bbox 289 731 306 762; x_wconf 86' lang='lat' dir='ltr'><strong>p.</strong></span> <span class='ocrx_word' id='word_1_61' title='bbox 318 720 364 762; x_wconf 82' lang='lat'>393).</span> <span class='ocrx_word' id='word_1_62' title='bbox 389 720 465 755; x_wconf 79' lang='lat' dir='ltr'><strong>Graiior</strong></span> <span class='ocrx_word' id='word_1_63' title='bbox 480 725 537 755; x_wconf 85' lang='lat' dir='ltr'><strong>autem</strong></span> <span class='ocrx_word' id='word_1_64' title='bbox 553 721 608 753; x_wconf 88' lang='lat' dir='ltr'><strong>altera</strong></span> <span class='ocrx_word' id='word_1_65' title='bbox 625 723 651 752; x_wconf 87' lang='lat' dir='ltr'><strong>est</strong></span> <span class='ocrx_word' id='word_1_66' title='bbox 666 718 728 751; x_wconf 87' lang='lat' dir='ltr'><strong>summi</strong></span> <span class='ocrx_word' id='word_1_67' title='bbox 747 716 821 749; x_wconf 88' lang='lat' dir='ltr'><strong>numinis</strong></span> 
     </span>
     <span class='ocr_line' id='line_1_8' title="bbox 77 773 822 820; baseline -0.008 -11"><span class='ocrx_word' id='word_1_68' title='bbox 77 778 146 818; x_wconf 77' lang='lat' dir='ltr'><strong>imago,</strong></span> <span class='ocrx_word' id='word_1_69' title='bbox 159 787 203 819; x_wconf 85' lang='lat' dir='ltr'><strong>quae</strong></span> <span class='ocrx_word' id='word_1_70' title='bbox 215 777 291 809; x_wconf 73' lang='lat' dir='ltr'><strong>ostendit</strong></span> <span class='ocrx_word' id='word_1_71' title='bbox 302 779 367 817; x_wconf 86' lang='lat' dir='ltr'><strong>virum,</strong></span> <span class='ocrx_word' id='word_1_72' title='bbox 380 779 430 811; x_wconf 85' lang='lat' dir='ltr'><strong>sicuti</strong></span> <span class='ocrx_word' id='word_1_73' title='bbox 442 788 501 811; x_wconf 91' lang='lat' dir='ltr'><strong>omnes</strong></span> <span class='ocrx_word' id='word_1_74' title='bbox 513 778 546 820; x_wconf 86' lang='lat' dir='ltr'><strong>dii,</strong></span> <span class='ocrx_word' id='word_1_75' title='bbox 558 778 656 819; x_wconf 76' lang='lat' dir='ltr'><strong>permagnis</strong></span> <span class='ocrx_word' id='word_1_76' title='bbox 672 776 704 808; x_wconf 91' lang='lat' dir='ltr'><strong>alis</strong></span> <span class='ocrx_word' id='word_1_77' title='bbox 719 773 822 817; x_wconf 83' lang='lat' dir='ltr'><strong>praeditum,</strong></span> 
     </span>
     <span class='ocr_line' id='line_1_9' title="bbox 77 830 822 877; baseline -0.001 -13"><span class='ocrx_word' id='word_1_78' title='bbox 77 833 107 874; x_wconf 88' lang='lat' dir='ltr'><strong>qui</strong></span> <span class='ocrx_word' id='word_1_79' title='bbox 120 834 176 866; x_wconf 87' lang='lat' dir='ltr'><strong>altera</strong></span> <span class='ocrx_word' id='word_1_80' title='bbox 187 844 240 865; x_wconf 89' lang='lat' dir='ltr'><strong>manu</strong></span> <span class='ocrx_word' id='word_1_81' title='bbox 251 834 325 866; x_wconf 82' lang='lat' dir='ltr'><strong>fructum</strong></span> <span class='ocrx_word' id='word_1_82' title='bbox 337 834 404 876; x_wconf 86' lang='lat' dir='ltr'><strong>palmae</strong></span> <span class='ocrx_word' id='word_1_83' title='bbox 416 839 472 875; x_wconf 84' lang='lat' dir='ltr'><strong>tenet,</strong></span> <span class='ocrx_word' id='word_1_84' title='bbox 485 835 540 866; x_wconf 81' lang='lat' dir='ltr'><strong>altera</strong></span> <span class='ocrx_word' id='word_1_85' title='bbox 551 845 582 868; x_wconf 86' lang='lat' dir='ltr'><strong>vas</strong></span> <span class='ocrx_word' id='word_1_86' title='bbox 595 846 608 868; x_wconf 89' lang='lat' dir='ltr'><strong>s.</strong></span> <span class='ocrx_word' id='word_1_87' title='bbox 620 835 716 877; x_wconf 83' lang='lat' dir='ltr'><strong>panistrum</strong></span> <span class='ocrx_word' id='word_1_88' title='bbox 723 830 752 872; x_wconf 87' lang='lat' dir='ltr'><strong>(de</strong></span> <span class='ocrx_word' id='word_1_89' title='bbox 760 830 822 872; x_wconf 84' lang='lat' dir='ltr'><strong>quibus</strong></span> 
     </span>
     <span class='ocr_line' id='line_1_10' title="bbox 77 886 821 934; baseline -0.004 -14"><span class='ocrx_word' id='word_1_90' title='bbox 77 889 151 922; x_wconf 86' lang='lat' dir='ltr'><strong>hicnon</strong></span> <span class='ocrx_word' id='word_1_91' title='bbox 163 894 190 921; x_wconf 89' lang='lat' dir='ltr'><strong>cst</strong></span> <span class='ocrx_word' id='word_1_92' title='bbox 202 891 300 932; x_wconf 81' lang='lat' dir='ltr'><strong>disputandi</strong></span> <span class='ocrx_word' id='word_1_93' title='bbox 312 890 375 931; x_wconf 79' lang='lat' dir='ltr'><strong>locus)3</strong></span> <span class='ocrx_word' id='word_1_94' title='bbox 393 891 465 933; x_wconf 88' lang='lat' dir='ltr'><strong>insignis</strong></span> <span class='ocrx_word' id='word_1_95' title='bbox 478 895 535 923; x_wconf 90' lang='lat' dir='ltr'><strong>autem</strong></span> <span class='ocrx_word' id='word_1_96' title='bbox 548 896 574 924; x_wconf 88' lang='lat' dir='ltr'><strong>est</strong></span> <span class='ocrx_word' id='word_1_97' title='bbox 585 892 659 934; x_wconf 85' lang='lat' dir='ltr'><strong>capite</strong></span> <span class='ocrx_word' id='word_1_98' title='bbox 671 889 771 931; x_wconf 83' lang='lat' dir='ltr'><strong>aquilino</strong></span> <span class='ocrx_word' id='word_1_99' title='bbox 784 886 821 928; x_wconf 86' lang='lat' dir='ltr'><strong>(cfr.</strong></span> 
     </span>
     <span class='ocr_line' id='line_1_11' title="bbox 76 943 821 991; baseline -0.003 -15"><span class='ocrx_word' id='word_1_100' title='bbox 76 945 118 977; x_wconf 67' lang='lat' dir='ltr'><strong>Lar.</strong></span> <span class='ocrx_word' id='word_1_101' title='bbox 130 946 159 987; x_wconf 82' lang='lat' dir='ltr'><strong>fig.</strong></span> <span class='ocrx_word' id='word_1_102' title='bbox 169 948 183 978; x_wconf 85' lang='lat'><strong>1.</strong></span> <span class='ocrx_word' id='word_1_103' title='bbox 195 947 261 980; x_wconf 82' lang='lat' dir='ltr'><strong>Borom</strong></span> <span class='ocrx_word' id='word_1_104' title='bbox 273 960 289 991; x_wconf 87' lang='lat' dir='ltr'><strong>p.</strong></span> <span class='ocrx_word' id='word_1_105' title='bbox 298 947 379 988; x_wconf 78' lang='grc'><strong>256011).</strong></span> <span class='ocrx_word' id='word_1_106' title='bbox 391 947 450 990; x_wconf 82' lang='lat' dir='ltr'>Atque</span> <span class='ocrx_word' id='word_1_107' title='bbox 462 946 505 980; x_wconf 85' lang='lat' dir='ltr'><strong>haec</strong></span> <span class='ocrx_word' id='word_1_108' title='bbox 517 948 587 989; x_wconf 90' lang='lat' dir='ltr'><strong>quidem</strong></span> <span class='ocrx_word' id='word_1_109' title='bbox 597 948 653 990; x_wconf 85' lang='lat' dir='ltr'><strong>figura</strong></span> <span class='ocrx_word' id='word_1_110' title='bbox 665 947 695 979; x_wconf 84' lang='lat' dir='ltr'><strong>vix</strong></span> <span class='ocrx_word' id='word_1_111' title='bbox 707 943 821 976; x_wconf 88' lang='lat' dir='ltr'><strong>dubitandum</strong></span> 
     </span>
     <span class='ocr_line' id='line_1_12' title="bbox 77 1000 821 1044; baseline -0.003 -11"><span class='ocrx_word' id='word_1_112' title='bbox 77 1006 103 1034; x_wconf 93' lang='lat' dir='ltr'><strong>est</strong></span> <span class='ocrx_word' id='word_1_113' title='bbox 116 1003 158 1044; x_wconf 87' lang='lat' dir='ltr'><strong>quin</strong></span> <span class='ocrx_word' id='word_1_114' title='bbox 169 1004 233 1036; x_wconf 78' lang='lat' dir='ltr'><strong>referat</strong></span> <span class='ocrx_word' id='word_1_115' title='bbox 244 1015 309 1037; x_wconf 88' lang='lat' dir='ltr'><strong>numen</strong></span> <span class='ocrx_word' id='word_1_116' title='bbox 320 1003 372 1044; x_wconf 87' lang='lat' dir='ltr'><strong>illud,</strong></span> <span class='ocrx_word' id='word_1_117' title='bbox 389 1005 408 1037; x_wconf 92' lang='lat' dir='ltr'><strong>in</strong></span> <span class='ocrx_word' id='word_1_118' title='bbox 423 1005 470 1037; x_wconf 87' lang='lat' dir='ltr'><strong>cuius</strong></span> <span class='ocrx_word' id='word_1_119' title='bbox 483 1004 526 1037; x_wconf 89' lang='lat' dir='ltr'><strong>aede</strong></span> <span class='ocrx_word' id='word_1_120' title='bbox 538 1004 623 1038; x_wconf 80' lang='lat' dir='ltr'><strong>Senberib</strong></span> <span class='ocrx_word' id='word_1_121' title='bbox 636 1002 710 1036; x_wconf 84' lang='lat' dir='ltr'><strong>traditur</strong></span> <span class='ocrx_word' id='word_1_122' title='bbox 721 1000 821 1033; x_wconf 82' lang='lat' dir='ltr'><strong>interfectus</strong></span> 
     </span>
     <span class='ocr_line' id='line_1_13' title="bbox 77 1058 822 1107; baseline -0.003 -17"><span class='ocrx_word' id='word_1_123' title='bbox 77 1068 123 1100; x_wconf 88' lang='lat' dir='ltr'><strong>esse,</strong></span> <span class='ocrx_word' id='word_1_124' title='bbox 138 1058 199 1107; x_wconf 58' lang='grc' dir='ltr'><strong>η’ᾫᾎ,</strong></span> <span class='ocrx_word' id='word_1_125' title='bbox 211 1061 244 1093; x_wconf 73' lang='lat' dir='ltr'><strong>les⁴</strong></span> <span class='ocrx_word' id='word_1_126' title='bbox 256 1060 358 1102; x_wconf 77' lang='lat' dir='ltr'>XXXVII,</span> <span class='ocrx_word' id='word_1_127' title='bbox 368 1062 396 1094; x_wconf 83' lang='lat'><strong>33.</strong></span> <span class='ocrx_word' id='word_1_128' title='bbox 410 1060 469 1103; x_wconf 67' lang='lat' dir='ltr'><strong>alleg.</strong></span> <span class='ocrx_word' id='word_1_129' title='bbox 475 1061 531 1102; x_wconf 82' lang='lat' dir='ltr'>XIX,</span> <span class='ocrx_word' id='word_1_130' title='bbox 544 1061 572 1093; x_wconf 83' lang='grc'><strong>37.</strong></span> <span class='ocrx_word' id='word_1_131' title='bbox 584 1061 622 1102; x_wconf 75' lang='lat' dir='ltr'><strong>(eir.</strong></span> <span class='ocrx_word' id='word_1_132' title='bbox 632 1059 719 1093; x_wconf 69' lang='lat' dir='ltr'><strong>Rrwnss.</strong></span> <span class='ocrx_word' id='word_1_133' title='bbox 730 1058 822 1090; x_wconf 82' lang='lat' dir='ltr'><strong>Commen-</strong></span> 
     </span>
     <span class='ocr_line' id='line_1_14' title="bbox 76 1109 821 1161; baseline -0.004 -14"><span class='ocrx_word' id='word_1_134' title='bbox 76 1120 115 1157; x_wconf 87' lang='lat' dir='ltr'><strong>tary</strong></span> <span class='ocrx_word' id='word_1_135' title='bbox 128 1127 143 1158; x_wconf 90' lang='lat' dir='ltr'><strong>p.</strong></span> <span class='ocrx_word' id='word_1_136' title='bbox 155 1109 176 1149; x_wconf 74' lang='lat'><strong>23</strong></span> <span class='ocrx_word' id='word_1_137' title='bbox 186 1127 208 1150; x_wconf 91' lang='lat' dir='ltr'><strong>ss.</strong></span> <span class='ocrx_word' id='word_1_138' title='bbox 232 1117 275 1150; x_wconf 86' lang='lat' dir='ltr'><strong>Bor.</strong></span> <span class='ocrx_word' id='word_1_139' title='bbox 290 1118 302 1150; x_wconf 95' lang='lat' dir='ltr'><strong>l.</strong></span> <span class='ocrx_word' id='word_1_140' title='bbox 310 1118 322 1150; x_wconf 90' lang='lat' dir='ltr'><strong>l.</strong></span> <span class='ocrx_word' id='word_1_141' title='bbox 339 1129 355 1161; x_wconf 88' lang='lat' dir='ltr'><strong>p.</strong></span> <span class='ocrx_word' id='word_1_142' title='bbox 365 1118 397 1151; x_wconf 86' lang='grc'><strong>197</strong></span> <span class='ocrx_word' id='word_1_143' title='bbox 409 1128 432 1151; x_wconf 85' lang='lat' dir='ltr'><strong>ss.</strong></span> <span class='ocrx_word' id='word_1_144' title='bbox 456 1118 531 1152; x_wconf 80' lang='lat' dir='ltr'><strong>Gnornr.</strong></span> <span class='ocrx_word' id='word_1_145' title='bbox 543 1118 573 1150; x_wconf 89' lang='lat' dir='ltr'><strong>l.l.</strong></span> <span class='ocrx_word' id='word_1_146' title='bbox 586 1128 602 1159; x_wconf 95' lang='lat' dir='ltr'><strong>p.</strong></span> <span class='ocrx_word' id='word_1_147' title='bbox 611 1119 638 1150; x_wconf 81' lang='grc'><strong>10.</strong></span> <span class='ocrx_word' id='word_1_148' title='bbox 651 1116 685 1158; x_wconf 84' lang='lat'>33).</span> <span class='ocrx_word' id='word_1_149' title='bbox 698 1114 770 1148; x_wconf 85' lang='lat' dir='ltr'><strong>Summa</strong></span> <span class='ocrx_word' id='word_1_150' title='bbox 784 1115 821 1145; x_wconf 90' lang='lat' dir='ltr'><strong>eius</strong></span> 
     </span>
     <span class='ocr_line' id='line_1_15' title="bbox 76 1170 821 1218; baseline -0.003 -14"><span class='ocrx_word' id='word_1_151' title='bbox 76 1172 152 1216; x_wconf 86' lang='lat' dir='ltr'><strong>dignitas</strong></span> <span class='ocrx_word' id='word_1_152' title='bbox 169 1179 220 1217; x_wconf 83' lang='lat' dir='ltr'><strong>atque</strong></span> <span class='ocrx_word' id='word_1_153' title='bbox 239 1176 313 1208; x_wconf 73' lang='lat' dir='ltr'><strong>eximius</strong></span> <span class='ocrx_word' id='word_1_154' title='bbox 328 1176 381 1207; x_wconf 88' lang='lat' dir='ltr'><strong>etiam</strong></span> <span class='ocrx_word' id='word_1_155' title='bbox 395 1175 443 1208; x_wconf 90' lang='lat' dir='ltr'><strong>locus</strong></span> <span class='ocrx_word' id='word_1_156' title='bbox 458 1180 528 1218; x_wconf 84' lang='lat' dir='ltr'><strong>praeter</strong></span> <span class='ocrx_word' id='word_1_157' title='bbox 542 1179 600 1208; x_wconf 81' lang='lat' dir='ltr'><strong>cetera</strong></span> <span class='ocrx_word' id='word_1_158' title='bbox 614 1173 686 1206; x_wconf 86' lang='lat' dir='ltr'><strong>numina</strong></span> <span class='ocrx_word' id='word_1_159' title='bbox 700 1181 738 1204; x_wconf 86' lang='lat' dir='ltr'><strong>esse</strong></span> <span class='ocrx_word' id='word_1_160' title='bbox 753 1170 821 1203; x_wconf 88' lang='lat' dir='ltr'><strong>videtur</strong></span> 
     </span>
     <span class='ocr_line' id='line_1_16' title="bbox 75 1227 821 1274; baseline -0.001 -13"><span class='ocrx_word' id='word_1_161' title='bbox 75 1227 112 1268; x_wconf 86' lang='lat' dir='ltr'><strong>(cfr.</strong></span> <span class='ocrx_word' id='word_1_162' title='bbox 120 1229 194 1263; x_wconf 81' lang='lat' dir='ltr'><strong>Gnornr.</strong></span> <span class='ocrx_word' id='word_1_163' title='bbox 206 1243 222 1274; x_wconf 86' lang='lat' dir='ltr'><strong>p.</strong></span> <span class='ocrx_word' id='word_1_164' title='bbox 229 1231 263 1272; x_wconf 89' lang='lat'>33),</span> <span class='ocrx_word' id='word_1_165' title='bbox 276 1233 323 1264; x_wconf 86' lang='lat' dir='ltr'><strong>etin</strong></span> <span class='ocrx_word' id='word_1_166' title='bbox 335 1233 399 1274; x_wconf 83' lang='lat' dir='ltr'><strong>palatio</strong></span> <span class='ocrx_word' id='word_1_167' title='bbox 411 1232 524 1264; x_wconf 88' lang='lat' dir='ltr'><strong>Nimrudensi</strong></span> <span class='ocrx_word' id='word_1_168' title='bbox 536 1231 583 1273; x_wconf 83' lang='lat' dir='ltr'><strong>quod</strong></span> <span class='ocrx_word' id='word_1_169' title='bbox 594 1240 664 1263; x_wconf 84' lang='lat' dir='ltr'><strong>caurum</strong></span> <span class='ocrx_word' id='word_1_170' title='bbox 676 1233 752 1271; x_wconf 87' lang='lat' dir='ltr'><strong>spectat,</strong></span> <span class='ocrx_word' id='word_1_171' title='bbox 764 1238 821 1261; x_wconf 82' lang='lat' dir='ltr'><strong>sacra-</strong></span> 
     </span>
     <span class='ocr_line' id='line_1_17' title="bbox 76 1285 821 1330; baseline -0.001 -12"><span class='ocrx_word' id='word_1_172' title='bbox 76 1287 120 1318; x_wconf 90' lang='lat' dir='ltr'><strong>rium</strong></span> <span class='ocrx_word' id='word_1_173' title='bbox 132 1287 169 1320; x_wconf 91' lang='lat' dir='ltr'><strong>eins</strong></span> <span class='ocrx_word' id='word_1_174' title='bbox 180 1294 267 1330; x_wconf 86' lang='lat' dir='ltr'><strong>repertum</strong></span> <span class='ocrx_word' id='word_1_175' title='bbox 279 1293 315 1330; x_wconf 86' lang='lat' dir='ltr'><strong>est,</strong></span> <span class='ocrx_word' id='word_1_176' title='bbox 327 1288 349 1320; x_wconf 90' lang='lat' dir='ltr'><strong>de</strong></span> <span class='ocrx_word' id='word_1_177' title='bbox 361 1299 395 1330; x_wconf 85' lang='lat' dir='ltr'><strong>quo</strong></span> <span class='ocrx_word' id='word_1_178' title='bbox 408 1288 483 1320; x_wconf 66' lang='lat' dir='ltr'><strong>diximus</strong></span> <span class='ocrx_word' id='word_1_179' title='bbox 495 1288 542 1321; x_wconf 80' lang='lat' dir='ltr'><strong>infra</strong></span> <span class='ocrx_word' id='word_1_180' title='bbox 554 1288 576 1319; x_wconf 82' lang='lat' dir='ltr'><strong>ad</strong></span> <span class='ocrx_word' id='word_1_181' title='bbox 588 1287 606 1328; x_wconf 86' lang='lat'><strong>1,</strong></span> <span class='ocrx_word' id='word_1_182' title='bbox 619 1287 642 1318; x_wconf 80' lang='lat'><strong>14</strong></span> <span class='ocrx_word' id='word_1_183' title='bbox 652 1296 692 1329; x_wconf 87' lang='lat' dir='ltr'><strong>pag.</strong></span> <span class='ocrx_word' id='word_1_184' title='bbox 700 1286 729 1318; x_wconf 81' lang='lat'><strong>41.</strong></span> <span class='ocrx_word' id='word_1_185' title='bbox 737 1286 766 1317; x_wconf 55' lang='lat'><strong>42,</strong></span> <span class='ocrx_word' id='word_1_186' title='bbox 783 1285 821 1318; x_wconf 87' lang='lat' dir='ltr'><strong>No-</strong></span> 
     </span>
     <span class='ocr_line' id='line_1_18' title="bbox 76 1342 821 1387; baseline -0.001 -12"><span class='ocrx_word' id='word_1_187' title='bbox 76 1354 116 1376; x_wconf 88' lang='lat' dir='ltr'><strong>men</strong></span> <span class='ocrx_word' id='word_1_188' title='bbox 136 1349 186 1387; x_wconf 64' lang='lat' dir='ltr'><strong>&#39;lim</strong></span> <span class='ocrx_word' id='word_1_189' title='bbox 204 1346 298 1387; x_wconf 77' lang='lat' dir='ltr'>paullulum</span> <span class='ocrx_word' id='word_1_190' title='bbox 311 1345 380 1387; x_wconf 83' lang='lat' dir='ltr'><strong>quidem</strong></span> <span class='ocrx_word' id='word_1_191' title='bbox 392 1344 452 1378; x_wconf 86' lang='lat' dir='ltr'><strong>differt</strong></span> <span class='ocrx_word' id='word_1_192' title='bbox 464 1345 485 1378; x_wconf 88' lang='lat' dir='ltr'><strong>ab</strong></span> <span class='ocrx_word' id='word_1_193' title='bbox 498 1345 594 1384; x_wconf 77' lang='lat' dir='ltr'><strong>Assaraco3</strong></span> <span class='ocrx_word' id='word_1_194' title='bbox 612 1348 631 1377; x_wconf 91' lang='lat' dir='ltr'><strong>at</strong></span> <span class='ocrx_word' id='word_1_195' title='bbox 642 1353 652 1375; x_wconf 88' lang='lat' dir='ltr'><strong>e</strong></span> <span class='ocrx_word' id='word_1_196' title='bbox 664 1342 739 1385; x_wconf 84' lang='lat' dir='ltr'><strong>diversis</strong></span> <span class='ocrx_word' id='word_1_197' title='bbox 749 1343 821 1375; x_wconf 87' lang='lat' dir='ltr'><strong>rationi-</strong></span> 
     </span>
     <span class='ocr_line' id='line_1_19' title="bbox 76 1395 820 1445; baseline 0 -13"><span class='ocrx_word' id='word_1_198' title='bbox 76 1401 108 1433; x_wconf 88' lang='lat' dir='ltr'><strong>bus</strong></span> <span class='ocrx_word' id='word_1_199' title='bbox 120 1402 181 1444; x_wconf 89' lang='lat' dir='ltr'><strong>quibus</strong></span> <span class='ocrx_word' id='word_1_200' title='bbox 193 1402 245 1435; x_wconf 82' lang='lat' dir='ltr'><strong>LXX</strong></span> <span class='ocrx_word' id='word_1_201' title='bbox 256 1402 377 1443; x_wconf 81' lang='lat' dir='ltr'><strong>reddiderunt,</strong></span> <span class='ocrx_word' id='word_1_202' title='bbox 393 1398 494 1445; x_wconf 73' lang='lat' dir='ltr'><strong>Nucrapciy,</strong></span> <span class='ocrx_word' id='word_1_203' title='bbox 511 1396 611 1444; x_wconf 74' lang='grc' dir='ltr'><strong>Μεσεράχ,</strong></span> <span class='ocrx_word' id='word_1_204' title='bbox 626 1396 717 1443; x_wconf 72' lang='grc' dir='ltr'><strong>Ἐσθράχ,</strong></span> <span class='ocrx_word' id='word_1_205' title='bbox 732 1395 820 1443; x_wconf 72' lang='grc' dir='ltr'><strong>Ἀσαριίχ,</strong></span> 
     </span>
     <span class='ocr_line' id='line_1_20' title="bbox 76 1457 821 1501; baseline -0.001 -11"><span class='ocrx_word' id='word_1_206' title='bbox 76 1460 162 1499; x_wconf 76' lang='lat' dir='ltr'>posterior</span> <span class='ocrx_word' id='word_1_207' title='bbox 174 1458 244 1501; x_wconf 83' lang='lat' dir='ltr'><strong>propius</strong></span> <span class='ocrx_word' id='word_1_208' title='bbox 256 1459 309 1492; x_wconf 86' lang='lat' dir='ltr'><strong>abest.</strong></span> <span class='ocrx_word' id='word_1_209' title='bbox 331 1458 393 1500; x_wconf 85' lang='lat' dir='ltr'>Neque</span> <span class='ocrx_word' id='word_1_210' title='bbox 405 1469 446 1491; x_wconf 88' lang='lat' dir='ltr'><strong>vero</strong></span> <span class='ocrx_word' id='word_1_211' title='bbox 459 1469 519 1491; x_wconf 89' lang='lat' dir='ltr'><strong>corum</strong></span> <span class='ocrx_word' id='word_1_212' title='bbox 530 1460 618 1501; x_wconf 83' lang='lat' dir='ltr'><strong>sequimur</strong></span> <span class='ocrx_word' id='word_1_213' title='bbox 630 1457 737 1499; x_wconf 85' lang='lat' dir='ltr'><strong>opinionem,</strong></span> <span class='ocrx_word' id='word_1_214' title='bbox 749 1458 778 1499; x_wconf 89' lang='lat' dir='ltr'><strong>qui</strong></span> <span class='ocrx_word' id='word_1_215' title='bbox 789 1467 821 1489; x_wconf 90' lang='lat' dir='ltr'><strong>no-</strong></span> 
     </span>
     <span class='ocr_line' id='line_1_21' title="bbox 75 1512 821 1570; baseline 0 -24"><span class='ocrx_word' id='word_1_216' title='bbox 75 1524 116 1547; x_wconf 83' lang='lat' dir='ltr'><strong>men</strong></span> <span class='ocrx_word' id='word_1_217' title='bbox 127 1516 218 1547; x_wconf 73' lang='lat' dir='ltr'><strong>retulerint</strong></span> <span class='ocrx_word' id='word_1_218' title='bbox 230 1515 253 1548; x_wconf 90' lang='lat' dir='ltr'><strong>ad</strong></span> <span class='ocrx_word' id='word_1_219' title='bbox 264 1526 280 1547; x_wconf 83' lang='lat' dir='ltr'><strong>v.</strong></span> <span class='ocrx_word' id='word_1_220' title='bbox 294 1515 345 1563; x_wconf 56' lang='lat' dir='ltr'><strong>null,</strong></span> <span class='ocrx_word' id='word_1_221' title='bbox 358 1512 400 1570; x_wconf 63' lang='lat'><strong>,²²⁴³</strong></span> <span class='ocrx_word' id='word_1_222' title='bbox 417 1517 484 1559; x_wconf 82' lang='lat' dir='ltr'><strong>aquila,</strong></span> <span class='ocrx_word' id='word_1_223' title='bbox 499 1527 537 1549; x_wconf 89' lang='lat' dir='ltr'><strong>cum</strong></span> <span class='ocrx_word' id='word_1_224' title='bbox 554 1527 578 1559; x_wconf 83' lang='grc' dir='ltr'><strong>αχ</strong></span> <span class='ocrx_word' id='word_1_225' title='bbox 590 1524 603 1547; x_wconf 91' lang='grc' dir='ltr'><strong>ε.</strong></span> <span class='ocrx_word' id='word_1_226' title='bbox 616 1525 643 1556; x_wconf 71' lang='lat' dir='ltr'><strong>roy</strong></span> <span class='ocrx_word' id='word_1_227' title='bbox 653 1513 701 1546; x_wconf 83' lang='lat' dir='ltr'><strong>baud</strong></span> <span class='ocrx_word' id='word_1_228' title='bbox 712 1524 752 1547; x_wconf 83' lang='lat' dir='ltr'><strong>raro</strong></span> <span class='ocrx_word' id='word_1_229' title='bbox 765 1514 821 1557; x_wconf 79' lang='lat' dir='ltr'><strong>Assy-</strong></span> 
     </span>
     <span class='ocr_line' id='line_1_22' title="bbox 76 1570 821 1618; baseline -0.001 -15"><span class='ocrx_word' id='word_1_230' title='bbox 76 1572 105 1604; x_wconf 83' lang='lat' dir='ltr'><strong>riis</strong></span> <span class='ocrx_word' id='word_1_231' title='bbox 118 1576 135 1603; x_wconf 89' lang='lat' dir='ltr'><strong>et</strong></span> <span class='ocrx_word' id='word_1_232' title='bbox 145 1571 247 1614; x_wconf 75' lang='lat' dir='ltr'><strong>Babyloniis</strong></span> <span class='ocrx_word' id='word_1_233' title='bbox 259 1573 349 1605; x_wconf 81' lang='lat' dir='ltr'><strong>adiicietur</strong></span> <span class='ocrx_word' id='word_1_234' title='bbox 365 1574 463 1606; x_wconf 91' lang='lat' dir='ltr'><strong>nominibus</strong></span> <span class='ocrx_word' id='word_1_235' title='bbox 477 1574 514 1615; x_wconf 86' lang='lat' dir='ltr'><strong>(cfr.</strong></span> <span class='ocrx_word' id='word_1_236' title='bbox 525 1578 593 1618; x_wconf 48' lang='lat' dir='ltr'><strong>&amp;litim</strong></span> <span class='ocrx_word' id='word_1_237' title='bbox 609 1570 684 1605; x_wconf 64' lang='lat' dir='ltr'><strong>onorii.</strong></span> <span class='ocrx_word' id='word_1_238' title='bbox 696 1581 713 1612; x_wconf 87' lang='lat' dir='ltr'><strong>p.</strong></span> <span class='ocrx_word' id='word_1_239' title='bbox 723 1572 762 1613; x_wconf 78' lang='lat'>40);</span> <span class='ocrx_word' id='word_1_240' title='bbox 779 1581 821 1603; x_wconf 89' lang='lat' dir='ltr'><strong>nam</strong></span> 
     </span>
     <span class='ocr_line' id='line_1_23' title="bbox 77 1627 820 1672; baseline -0.001 -12"><span class='ocrx_word' id='word_1_241' title='bbox 77 1629 159 1661; x_wconf 83' lang='lat' dir='ltr'><strong>Assaraci</strong></span> <span class='ocrx_word' id='word_1_242' title='bbox 170 1638 234 1661; x_wconf 84' lang='lat' dir='ltr'><strong>nornen</strong></span> <span class='ocrx_word' id='word_1_243' title='bbox 245 1633 304 1671; x_wconf 87' lang='lat' dir='ltr'><strong>aperte</strong></span> <span class='ocrx_word' id='word_1_244' title='bbox 315 1630 381 1672; x_wconf 87' lang='lat' dir='ltr'><strong>prodiit</strong></span> <span class='ocrx_word' id='word_1_245' title='bbox 393 1640 415 1662; x_wconf 81' lang='lat' dir='ltr'><strong>ex</strong></span> <span class='ocrx_word' id='word_1_246' title='bbox 427 1630 482 1663; x_wconf 82' lang='lat' dir='ltr'><strong>Assar</strong></span> <span class='ocrx_word' id='word_1_247' title='bbox 494 1641 507 1662; x_wconf 90' lang='lat' dir='ltr'><strong>s.</strong></span> <span class='ocrx_word' id='word_1_248' title='bbox 520 1630 584 1670; x_wconf 89' lang='lat' dir='ltr'><strong>Assur,</strong></span> <span class='ocrx_word' id='word_1_249' title='bbox 597 1628 682 1661; x_wconf 71' lang='lat' dir='ltr'><strong>Rrwnns.</strong></span> <span class='ocrx_word' id='word_1_250' title='bbox 691 1627 820 1669; x_wconf 71' lang='lat' dir='ltr'><strong>Oomm.p.2l;</strong></span> 
     </span>
     <span class='ocr_line' id='line_1_24' title="bbox 76 1684 821 1729; baseline 0 -13"><span class='ocrx_word' id='word_1_251' title='bbox 76 1684 142 1718; x_wconf 82' lang='lat' dir='ltr'><strong>facilius</strong></span> <span class='ocrx_word' id='word_1_252' title='bbox 155 1686 209 1728; x_wconf 78' lang='lat' dir='ltr'><strong>accipi</strong></span> <span class='ocrx_word' id='word_1_253' title='bbox 220 1690 286 1727; x_wconf 84' lang='lat' dir='ltr'><strong>potest,</strong></span> <span class='ocrx_word' id='word_1_254' title='bbox 301 1691 320 1718; x_wconf 87' lang='lat' dir='ltr'><strong>ut</strong></span> <span class='ocrx_word' id='word_1_255' title='bbox 332 1686 422 1718; x_wconf 83' lang='lat' dir='ltr'><strong>Israelitae</strong></span> <span class='ocrx_word' id='word_1_256' title='bbox 433 1690 504 1729; x_wconf 87' lang='lat' dir='ltr'><strong>propter</strong></span> <span class='ocrx_word' id='word_1_257' title='bbox 515 1689 566 1729; x_wconf 87' lang='lat' dir='ltr'><strong>caput</strong></span> <span class='ocrx_word' id='word_1_258' title='bbox 582 1685 676 1727; x_wconf 86' lang='lat' dir='ltr'><strong>aquilinum</strong></span> <span class='ocrx_word' id='word_1_259' title='bbox 688 1684 762 1717; x_wconf 89' lang='lat' dir='ltr'><strong>similem</strong></span> <span class='ocrx_word' id='word_1_260' title='bbox 773 1684 821 1716; x_wconf 88' lang='lat' dir='ltr'><strong>vocis</strong></span> 
     </span>
     <span class='ocr_line' id='line_1_25' title="bbox 76 1742 510 1776; baseline 0.002 -3"><span class='ocrx_word' id='word_1_261' title='bbox 76 1743 152 1774; x_wconf 90' lang='lat' dir='ltr'><strong>sonitum</strong></span> <span class='ocrx_word' id='word_1_262' title='bbox 159 1753 197 1775; x_wconf 87' lang='lat' dir='ltr'><strong>cum</strong></span> <span class='ocrx_word' id='word_1_263' title='bbox 204 1752 221 1775; x_wconf 76' lang='lat' dir='ltr'><strong>r.</strong></span> <span class='ocrx_word' id='word_1_264' title='bbox 236 1742 278 1776; x_wconf 68' lang='lat' dir='ltr'><strong>*affl</strong></span> <span class='ocrx_word' id='word_1_265' title='bbox 293 1743 402 1775; x_wconf 74' lang='lat' dir='ltr'><strong>coniunxisse</strong></span> <span class='ocrx_word' id='word_1_266' title='bbox 413 1742 510 1775; x_wconf 82' lang='lat' dir='ltr'><strong>videantur.</strong></span> 
     </span>
    </p>

    <p class='ocr_par' dir='ltr' id='par_1_4' title="bbox 76 1797 822 2925">
     <span class='ocr_line' id='line_1_26' title="bbox 111 1797 821 1840; baseline -0.001 -9"><span class='ocrx_word' id='word_1_267' title='bbox 111 1799 156 1831; x_wconf 86' lang='lat' dir='ltr'><strong>Tum</strong></span> <span class='ocrx_word' id='word_1_268' title='bbox 172 1809 212 1832; x_wconf 83' lang='lat' dir='ltr'><strong>vero</strong></span> <span class='ocrx_word' id='word_1_269' title='bbox 228 1799 275 1832; x_wconf 87' lang='lat' dir='ltr'><strong>haud</strong></span> <span class='ocrx_word' id='word_1_270' title='bbox 289 1809 329 1832; x_wconf 86' lang='lat' dir='ltr'><strong>raro</strong></span> <span class='ocrx_word' id='word_1_271' title='bbox 345 1801 364 1833; x_wconf 89' lang='lat' dir='ltr'><strong>in</strong></span> <span class='ocrx_word' id='word_1_272' title='bbox 382 1800 498 1832; x_wconf 79' lang='lat' dir='ltr'><strong>monumentis</strong></span> <span class='ocrx_word' id='word_1_273' title='bbox 516 1798 608 1840; x_wconf 83' lang='lat' dir='ltr'><strong>singularis</strong></span> <span class='ocrx_word' id='word_1_274' title='bbox 628 1798 715 1840; x_wconf 83' lang='lat' dir='ltr'><strong>quaedam</strong></span> <span class='ocrx_word' id='word_1_275' title='bbox 733 1797 821 1831; x_wconf 83' lang='lat' dir='ltr'><strong>arboris</strong></span> 
     </span>
     <span class='ocr_line' id='line_1_27' title="bbox 77 1855 820 1898; baseline 0.003 -12"><span class='ocrx_word' id='word_1_276' title='bbox 77 1865 155 1887; x_wconf 84' lang='lat' dir='ltr'><strong>sacrae</strong></span> <span class='ocrx_word' id='word_1_277' title='bbox 167 1857 271 1898; x_wconf 77' lang='lat' dir='ltr'><strong>conspicitur</strong></span> <span class='ocrx_word' id='word_1_278' title='bbox 284 1858 348 1898; x_wconf 86' lang='lat' dir='ltr'><strong>species</strong></span> <span class='ocrx_word' id='word_1_279' title='bbox 361 1857 397 1898; x_wconf 86' lang='lat' dir='ltr'><strong>(cfr.</strong></span> <span class='ocrx_word' id='word_1_280' title='bbox 409 1856 451 1888; x_wconf 72' lang='lat' dir='ltr'><strong>Lar.</strong></span> <span class='ocrx_word' id='word_1_281' title='bbox 464 1856 492 1897; x_wconf 83' lang='lat' dir='ltr'><strong>fig.</strong></span> <span class='ocrx_word' id='word_1_282' title='bbox 501 1856 538 1898; x_wconf 88' lang='lat'>33),</span> <span class='ocrx_word' id='word_1_283' title='bbox 554 1865 632 1887; x_wconf 86' lang='lat' dir='ltr'><strong>summae</strong></span> <span class='ocrx_word' id='word_1_284' title='bbox 649 1855 692 1887; x_wconf 86' lang='lat' dir='ltr'><strong>deae</strong></span> <span class='ocrx_word' id='word_1_285' title='bbox 704 1855 820 1896; x_wconf 78' lang='lat' dir='ltr'><strong>simulacrum,</strong></span> 
     </span>
     <span class='ocr_line' id='line_1_28' title="bbox 76 1910 820 1955; baseline 0 -12"><span class='ocrx_word' id='word_1_286' title='bbox 76 1913 189 1952; x_wconf 87' lang='lat' dir='ltr'><strong>Astartes‚</strong></span> <span class='ocrx_word' id='word_1_287' title='bbox 206 1923 249 1955; x_wconf 86' lang='lat' dir='ltr'><strong>quae</strong></span> <span class='ocrx_word' id='word_1_288' title='bbox 264 1914 342 1955; x_wconf 83' lang='lat' dir='ltr'><strong>Assyriis</strong></span> <span class='ocrx_word' id='word_1_289' title='bbox 359 1913 441 1945; x_wconf 80' lang='lat' dir='ltr'><strong>audiebat</strong></span> <span class='ocrx_word' id='word_1_290' title='bbox 456 1913 539 1953; x_wconf 83' lang='lat' dir='ltr'><strong>Yastara,</strong></span> <span class='ocrx_word' id='word_1_291' title='bbox 554 1914 585 1945; x_wconf 88' lang='lat' dir='ltr'><strong>cfr.</strong></span> <span class='ocrx_word' id='word_1_292' title='bbox 601 1911 687 1945; x_wconf 71' lang='lat' dir='ltr'><strong>Raiinms.</strong></span> <span class='ocrx_word' id='word_1_293' title='bbox 704 1910 783 1944; x_wconf 88' lang='lat' dir='ltr'><strong>Outlines</strong></span> <span class='ocrx_word' id='word_1_294' title='bbox 799 1915 820 1944; x_wconf 89' lang='lat' dir='ltr'><strong>ct.</strong></span> 
     </span>
     <span class='ocr_line' id='line_1_29' title="bbox 76 1968 821 2013; baseline 0.001 -13"><span class='ocrx_word' id='word_1_295' title='bbox 76 1968 144 2010; x_wconf 77' lang='lat' dir='ltr'><strong>pXX,</strong></span> <span class='ocrx_word' id='word_1_296' title='bbox 156 1970 185 2001; x_wconf 83' lang='lat' dir='ltr'><strong>rix</strong></span> <span class='ocrx_word' id='word_1_297' title='bbox 197 1970 243 2002; x_wconf 88' lang='lat' dir='ltr'><strong>enim</strong></span> <span class='ocrx_word' id='word_1_298' title='bbox 255 1970 305 2002; x_wconf 80' lang='lat' dir='ltr'><strong>aliter</strong></span> <span class='ocrx_word' id='word_1_299' title='bbox 316 1980 368 2013; x_wconf 83' lang='lat' dir='ltr'><strong>quam</strong></span> <span class='ocrx_word' id='word_1_300' title='bbox 380 1971 470 2003; x_wconf 85' lang='lat' dir='ltr'><strong>coniuncta</strong></span> <span class='ocrx_word' id='word_1_301' title='bbox 482 1980 520 2002; x_wconf 85' lang='lat' dir='ltr'><strong>cum</strong></span> <span class='ocrx_word' id='word_1_302' title='bbox 531 1969 591 2002; x_wconf 82' lang='lat' dir='ltr'><strong>Baalis</strong></span> <span class='ocrx_word' id='word_1_303' title='bbox 604 1970 682 2011; x_wconf 90' lang='lat' dir='ltr'><strong>symbolo</strong></span> <span class='ocrx_word' id='word_1_304' title='bbox 694 1969 734 2010; x_wconf 86' lang='lat' dir='ltr'><strong>illo,</strong></span> <span class='ocrx_word' id='word_1_305' title='bbox 746 1970 821 2011; x_wconf 86' lang='lat' dir='ltr'><strong>primum</strong></span> 
     </span>
     <span class='ocr_line' id='line_1_30' title="bbox 76 2025 821 2069; baseline 0.001 -11"><span class='ocrx_word' id='word_1_306' title='bbox 76 2025 171 2069; x_wconf 85' lang='lat' dir='ltr'><strong>descripto,</strong></span> <span class='ocrx_word' id='word_1_307' title='bbox 188 2026 216 2059; x_wconf 90' lang='lat' dir='ltr'><strong>vel</strong></span> <span class='ocrx_word' id='word_1_308' title='bbox 228 2028 249 2059; x_wconf 89' lang='lat' dir='ltr'><strong>ab</strong></span> <span class='ocrx_word' id='word_1_309' title='bbox 262 2027 300 2060; x_wconf 90' lang='lat' dir='ltr'><strong>aliis</strong></span> <span class='ocrx_word' id='word_1_310' title='bbox 312 2028 345 2060; x_wconf 90' lang='lat' dir='ltr'><strong>diis</strong></span> <span class='ocrx_word' id='word_1_311' title='bbox 357 2028 423 2060; x_wconf 89' lang='lat' dir='ltr'><strong>honore</strong></span> <span class='ocrx_word' id='word_1_312' title='bbox 435 2027 499 2059; x_wconf 82' lang='lat' dir='ltr'><strong>affecta</strong></span> <span class='ocrx_word' id='word_1_313' title='bbox 510 2028 600 2069; x_wconf 87' lang='lat' dir='ltr'><strong>reperitur.</strong></span> <span class='ocrx_word' id='word_1_314' title='bbox 613 2027 650 2068; x_wconf 83' lang='lat' dir='ltr'><strong>(cfr.</strong></span> <span class='ocrx_word' id='word_1_315' title='bbox 663 2027 705 2059; x_wconf 74' lang='lat' dir='ltr'><strong>Lm.</strong></span> <span class='ocrx_word' id='word_1_316' title='bbox 716 2026 746 2067; x_wconf 81' lang='lat' dir='ltr'><strong>fig.</strong></span> <span class='ocrx_word' id='word_1_317' title='bbox 756 2027 788 2067; x_wconf 82' lang='grc'><strong>31,</strong></span> <span class='ocrx_word' id='word_1_318' title='bbox 801 2036 821 2068; x_wconf 77' lang='lat' dir='ltr'><strong>a;</strong></span> 
     </span>
     <span class='ocr_line' id='line_1_31' title="bbox 76 2082 821 2127; baseline 0 -11"><span class='ocrx_word' id='word_1_319' title='bbox 76 2083 190 2124; x_wconf 59' lang='lat' dir='ltr'><strong>pareant.</strong></span> <span class='ocrx_word' id='word_1_320' title='bbox 209 2082 252 2116; x_wconf 84' lang='lat' dir='ltr'><strong>Bor.</strong></span> <span class='ocrx_word' id='word_1_321' title='bbox 265 2095 281 2127; x_wconf 92' lang='lat' dir='ltr'><strong>p.</strong></span> <span class='ocrx_word' id='word_1_322' title='bbox 294 2084 378 2117; x_wconf 67' lang='grc'><strong>153263</strong></span> <span class='ocrx_word' id='word_1_323' title='bbox 392 2084 420 2116; x_wconf 87' lang='lat' dir='ltr'><strong>all.</strong></span> <span class='ocrx_word' id='word_1_324' title='bbox 443 2083 648 2127; x_wconf 58' lang='lat' dir='ltr'><strong>Gossrasspoass.</strong></span> <span class='ocrx_word' id='word_1_325' title='bbox 672 2084 747 2118; x_wconf 69' lang='lat' dir='ltr'><strong>Gaurus.</strong></span> <span class='ocrx_word' id='word_1_326' title='bbox 759 2095 775 2126; x_wconf 90' lang='lat' dir='ltr'><strong>p.</strong></span> <span class='ocrx_word' id='word_1_327' title='bbox 786 2083 821 2124; x_wconf 83' lang='lat'>37).</span> 
     </span>
     <span class='ocr_line' id='line_1_32' title="bbox 76 2138 821 2188; baseline 0.005 -18"><span class='ocrx_word' id='word_1_328' title='bbox 76 2138 123 2171; x_wconf 84' lang='lat' dir='ltr'><strong>Satis</strong></span> <span class='ocrx_word' id='word_1_329' title='bbox 135 2144 193 2172; x_wconf 85' lang='lat' dir='ltr'><strong>autem</strong></span> <span class='ocrx_word' id='word_1_330' title='bbox 205 2140 332 2188; x_wconf 81' lang='lat' dir='ltr'><strong>diversaeeius</strong></span> <span class='ocrx_word' id='word_1_331' title='bbox 343 2142 410 2174; x_wconf 81' lang='lat' dir='ltr'><strong>formae</strong></span> <span class='ocrx_word' id='word_1_332' title='bbox 422 2141 537 2174; x_wconf 85' lang='lat' dir='ltr'><strong>inveniuntur.</strong></span> <span class='ocrx_word' id='word_1_333' title='bbox 562 2141 666 2184; x_wconf 80' lang='lat' dir='ltr'><strong>Saepissime</strong></span> <span class='ocrx_word' id='word_1_334' title='bbox 683 2141 757 2173; x_wconf 85' lang='lat' dir='ltr'><strong>occurrit</strong></span> <span class='ocrx_word' id='word_1_335' title='bbox 773 2145 821 2174; x_wconf 86' lang='lat' dir='ltr'><strong>trun-</strong></span> 
     </span>
     <span class='ocr_line' id='line_1_33' title="bbox 77 2197 821 2240; baseline 0.004 -12"><span class='ocrx_word' id='word_1_336' title='bbox 77 2206 106 2228; x_wconf 89' lang='lat' dir='ltr'><strong>cus</strong></span> <span class='ocrx_word' id='word_1_337' title='bbox 123 2197 238 2239; x_wconf 84' lang='lat' dir='ltr'><strong>compluribus</strong></span> <span class='ocrx_word' id='word_1_338' title='bbox 253 2199 304 2230; x_wconf 88' lang='lat' dir='ltr'><strong>nodis</strong></span> <span class='ocrx_word' id='word_1_339' title='bbox 321 2198 421 2238; x_wconf 84' lang='lat' dir='ltr'><strong>distinctus,</strong></span> <span class='ocrx_word' id='word_1_340' title='bbox 437 2199 467 2239; x_wconf 87' lang='lat' dir='ltr'><strong>qui</strong></span> <span class='ocrx_word' id='word_1_341' title='bbox 481 2207 551 2239; x_wconf 79' lang='lat' dir='ltr'><strong>surgere</strong></span> <span class='ocrx_word' id='word_1_342' title='bbox 567 2208 576 2230; x_wconf 95' lang='lat' dir='ltr'><strong>e</strong></span> <span class='ocrx_word' id='word_1_343' title='bbox 592 2199 629 2230; x_wconf 87' lang='lat' dir='ltr'><strong>solo</strong></span> <span class='ocrx_word' id='word_1_344' title='bbox 645 2197 719 2239; x_wconf 83' lang='lat' dir='ltr'><strong>videtur,</strong></span> <span class='ocrx_word' id='word_1_345' title='bbox 735 2202 786 2240; x_wconf 88' lang='lat' dir='ltr'><strong>atque</strong></span> <span class='ocrx_word' id='word_1_346' title='bbox 802 2200 821 2231; x_wconf 91' lang='lat' dir='ltr'><strong>in</strong></span> 
     </span>
     <span class='ocr_line' id='line_1_34' title="bbox 76 2253 821 2297; baseline 0.004 -12"><span class='ocrx_word' id='word_1_347' title='bbox 76 2256 148 2295; x_wconf 87' lang='lat' dir='ltr'><strong>septena</strong></span> <span class='ocrx_word' id='word_1_348' title='bbox 159 2253 202 2286; x_wconf 82' lang='lat' dir='ltr'><strong>folia</strong></span> <span class='ocrx_word' id='word_1_349' title='bbox 213 2256 305 2295; x_wconf 78' lang='lat' dir='ltr'><strong>excrescit,</strong></span> <span class='ocrx_word' id='word_1_350' title='bbox 317 2256 366 2288; x_wconf 79' lang='lat' dir='ltr'><strong>vittis</strong></span> <span class='ocrx_word' id='word_1_351' title='bbox 377 2256 454 2297; x_wconf 79' lang='lat' dir='ltr'><strong>velisque</strong></span> <span class='ocrx_word' id='word_1_352' title='bbox 462 2255 586 2296; x_wconf 81' lang='lat' dir='ltr'><strong>circumdatus,</strong></span> <span class='ocrx_word' id='word_1_353' title='bbox 598 2256 642 2287; x_wconf 86' lang='lat' dir='ltr'><strong>adeo</strong></span> <span class='ocrx_word' id='word_1_354' title='bbox 650 2259 709 2287; x_wconf 86' lang='lat' dir='ltr'><strong>tamen</strong></span> <span class='ocrx_word' id='word_1_355' title='bbox 722 2261 821 2297; x_wconf 78' lang='lat' dir='ltr'><strong>exornatus,</strong></span> 
     </span>
     <span class='ocr_line' id='line_1_35' title="bbox 76 2310 821 2354; baseline 0.004 -13"><span class='ocrx_word' id='word_1_356' title='bbox 76 2311 106 2342; x_wconf 84' lang='lat' dir='ltr'><strong>vix</strong></span> <span class='ocrx_word' id='word_1_357' title='bbox 119 2314 137 2342; x_wconf 88' lang='lat' dir='ltr'><strong>ut</strong></span> <span class='ocrx_word' id='word_1_358' title='bbox 149 2319 160 2342; x_wconf 87' lang='lat' dir='ltr'><strong>a</strong></span> <span class='ocrx_word' id='word_1_359' title='bbox 171 2310 251 2343; x_wconf 86' lang='lat' dir='ltr'><strong>columna</strong></span> <span class='ocrx_word' id='word_1_360' title='bbox 263 2311 285 2343; x_wconf 88' lang='lat' dir='ltr'><strong>ad</strong></span> <span class='ocrx_word' id='word_1_361' title='bbox 297 2312 364 2344; x_wconf 83' lang='lat' dir='ltr'><strong>arboris</strong></span> <span class='ocrx_word' id='word_1_362' title='bbox 376 2312 506 2344; x_wconf 86' lang='lat' dir='ltr'><strong>similitudinem</strong></span> <span class='ocrx_word' id='word_1_363' title='bbox 519 2312 611 2345; x_wconf 83' lang='lat' dir='ltr'><strong>artificiose</strong></span> <span class='ocrx_word' id='word_1_364' title='bbox 620 2312 728 2344; x_wconf 83' lang='lat' dir='ltr'><strong>conformata</strong></span> <span class='ocrx_word' id='word_1_365' title='bbox 737 2311 821 2354; x_wconf 81' lang='lat' dir='ltr'><strong>distingui</strong></span> 
     </span>
     <span class='ocr_line' id='line_1_36' title="bbox 76 2367 820 2411; baseline 0.001 -11"><span class='ocrx_word' id='word_1_366' title='bbox 76 2368 136 2409; x_wconf 90' lang='lat' dir='ltr'><strong>possit.</strong></span> <span class='ocrx_word' id='word_1_367' title='bbox 159 2367 209 2400; x_wconf 83' lang='lat' dir='ltr'><strong>Alias</strong></span> <span class='ocrx_word' id='word_1_368' title='bbox 219 2367 282 2400; x_wconf 88' lang='lat' dir='ltr'><strong>deinde</strong></span> <span class='ocrx_word' id='word_1_369' title='bbox 290 2369 368 2409; x_wconf 88' lang='lat' dir='ltr'><strong>superior</strong></span> <span class='ocrx_word' id='word_1_370' title='bbox 376 2373 443 2401; x_wconf 85' lang='lat' dir='ltr'><strong>tanturn</strong></span> <span class='ocrx_word' id='word_1_371' title='bbox 451 2369 487 2400; x_wconf 89' lang='lat' dir='ltr'><strong>eius</strong></span> <span class='ocrx_word' id='word_1_372' title='bbox 497 2377 537 2409; x_wconf 89' lang='lat' dir='ltr'><strong>pars</strong></span> <span class='ocrx_word' id='word_1_373' title='bbox 546 2370 630 2411; x_wconf 85' lang='lat' dir='ltr'><strong>reperitur</strong></span> <span class='ocrx_word' id='word_1_374' title='bbox 636 2368 672 2409; x_wconf 79' lang='lat' dir='ltr'><strong>(cfr</strong></span> <span class='ocrx_word' id='word_1_375' title='bbox 680 2367 743 2408; x_wconf 68' lang='lat' dir='ltr'><strong>(rossa,</strong></span> <span class='ocrx_word' id='word_1_376' title='bbox 750 2369 820 2411; x_wconf 76' lang='lat' dir='ltr'><strong>p.125);</strong></span> 
     </span>
     <span class='ocr_line' id='line_1_37' title="bbox 76 2424 821 2467; baseline 0.003 -11"><span class='ocrx_word' id='word_1_377' title='bbox 76 2433 127 2465; x_wconf 89' lang='lat' dir='ltr'><strong>porro</strong></span> <span class='ocrx_word' id='word_1_378' title='bbox 140 2424 243 2465; x_wconf 86' lang='lat' dir='ltr'><strong>conspicitur</strong></span> <span class='ocrx_word' id='word_1_379' title='bbox 255 2428 324 2458; x_wconf 88' lang='lat' dir='ltr'><strong>truncus</strong></span> <span class='ocrx_word' id='word_1_380' title='bbox 336 2425 390 2458; x_wconf 81' lang='lat' dir='ltr'><strong>tribus</strong></span> <span class='ocrx_word' id='word_1_381' title='bbox 402 2425 439 2458; x_wconf 86' lang='lat' dir='ltr'><strong>fere</strong></span> <span class='ocrx_word' id='word_1_382' title='bbox 450 2425 501 2458; x_wconf 88' lang='lat' dir='ltr'><strong>nodis</strong></span> <span class='ocrx_word' id='word_1_383' title='bbox 513 2426 598 2466; x_wconf 82' lang='lat' dir='ltr'><strong>variatus,</strong></span> <span class='ocrx_word' id='word_1_384' title='bbox 615 2425 691 2467; x_wconf 83' lang='lat' dir='ltr'><strong>septenis</strong></span> <span class='ocrx_word' id='word_1_385' title='bbox 706 2425 752 2457; x_wconf 86' lang='lat' dir='ltr'><strong>loliis</strong></span> <span class='ocrx_word' id='word_1_386' title='bbox 770 2435 821 2458; x_wconf 80' lang='lat' dir='ltr'><strong>orna-</strong></span> 
     </span>
     <span class='ocr_line' id='line_1_38' title="bbox 76 2481 821 2525; baseline 0.005 -14"><span class='ocrx_word' id='word_1_387' title='bbox 76 2486 113 2520; x_wconf 82' lang='lat' dir='ltr'><strong>tus,</strong></span> <span class='ocrx_word' id='word_1_388' title='bbox 125 2483 142 2512; x_wconf 89' lang='lat' dir='ltr'><strong>et</strong></span> <span class='ocrx_word' id='word_1_389' title='bbox 153 2482 192 2523; x_wconf 87' lang='lat' dir='ltr'><strong>plus</strong></span> <span class='ocrx_word' id='word_1_390' title='bbox 203 2483 265 2524; x_wconf 83' lang='lat' dir='ltr'><strong>viginti</strong></span> <span class='ocrx_word' id='word_1_391' title='bbox 277 2482 360 2515; x_wconf 76' lang='lat' dir='ltr'><strong>fructibus</strong></span> <span class='ocrx_word' id='word_1_392' title='bbox 372 2482 476 2525; x_wconf 73' lang='lat' dir='ltr'><strong>(palmarum</strong></span> <span class='ocrx_word' id='word_1_393' title='bbox 488 2483 570 2525; x_wconf 83' lang='lat' dir='ltr'><strong>dactylis,</strong></span> <span class='ocrx_word' id='word_1_394' title='bbox 581 2487 602 2514; x_wconf 82' lang='lat' dir='ltr'><strong>ut</strong></span> <span class='ocrx_word' id='word_1_395' title='bbox 612 2481 687 2522; x_wconf 79' lang='lat' dir='ltr'><strong>videtur)</strong></span> <span class='ocrx_word' id='word_1_396' title='bbox 699 2482 771 2523; x_wconf 89' lang='lat' dir='ltr'><strong>insignis</strong></span> <span class='ocrx_word' id='word_1_397' title='bbox 783 2482 821 2524; x_wconf 79' lang='lat' dir='ltr'><strong>(eir.</strong></span> 
     </span>
     <span class='ocr_line' id='line_1_39' title="bbox 76 2536 821 2582; baseline 0.007 -15"><span class='ocrx_word' id='word_1_398' title='bbox 76 2536 118 2568; x_wconf 70' lang='lat' dir='ltr'><strong>Lar.</strong></span> <span class='ocrx_word' id='word_1_399' title='bbox 130 2537 242 2572; x_wconf 87' lang='lat' dir='ltr'><strong>Monuments</strong></span> <span class='ocrx_word' id='word_1_400' title='bbox 254 2540 274 2572; x_wconf 80' lang='lat' dir='ltr'><strong>of</strong></span> <span class='ocrx_word' id='word_1_401' title='bbox 284 2539 325 2573; x_wconf 85' lang='lat' dir='ltr'><strong>Nin.</strong></span> <span class='ocrx_word' id='word_1_402' title='bbox 337 2540 372 2571; x_wconf 84' lang='lat' dir='ltr'><strong>tab.</strong></span> <span class='ocrx_word' id='word_1_403' title='bbox 383 2540 409 2582; x_wconf 68' lang='grc'><strong>6),</strong></span> <span class='ocrx_word' id='word_1_404' title='bbox 421 2541 440 2572; x_wconf 92' lang='lat' dir='ltr'><strong>in</strong></span> <span class='ocrx_word' id='word_1_405' title='bbox 452 2540 534 2582; x_wconf 78' lang='lat' dir='ltr'><strong>cylindds</strong></span> <span class='ocrx_word' id='word_1_406' title='bbox 546 2538 609 2571; x_wconf 86' lang='lat' dir='ltr'><strong>deinde</strong></span> <span class='ocrx_word' id='word_1_407' title='bbox 621 2539 714 2582; x_wconf 89' lang='lat' dir='ltr'><strong>simplicior</strong></span> <span class='ocrx_word' id='word_1_408' title='bbox 722 2540 775 2572; x_wconf 86' lang='lat' dir='ltr'><strong>etiam</strong></span> <span class='ocrx_word' id='word_1_409' title='bbox 783 2549 821 2582; x_wconf 90' lang='lat' dir='ltr'><strong>spe-</strong></span> 
     </span>
     <span class='ocr_line' id='line_1_40' title="bbox 77 2593 820 2638; baseline 0.007 -14"><span class='ocrx_word' id='word_1_410' title='bbox 77 2593 110 2624; x_wconf 91' lang='lat' dir='ltr'><strong>cies</strong></span> <span class='ocrx_word' id='word_1_411' title='bbox 126 2604 164 2626; x_wconf 86' lang='lat' dir='ltr'><strong>cum</strong></span> <span class='ocrx_word' id='word_1_412' title='bbox 176 2595 228 2627; x_wconf 86' lang='lat' dir='ltr'><strong>trinis</strong></span> <span class='ocrx_word' id='word_1_413' title='bbox 243 2595 291 2629; x_wconf 78' lang='lat' dir='ltr'><strong>foliis</strong></span> <span class='ocrx_word' id='word_1_414' title='bbox 306 2596 423 2638; x_wconf 82' lang='lat' dir='ltr'><strong>fructibusque</strong></span> <span class='ocrx_word' id='word_1_415' title='bbox 438 2597 525 2629; x_wconf 82' lang='lat' dir='ltr'><strong>delineata</strong></span> <span class='ocrx_word' id='word_1_416' title='bbox 541 2601 567 2629; x_wconf 86' lang='lat' dir='ltr'><strong>est</strong></span> <span class='ocrx_word' id='word_1_417' title='bbox 578 2596 614 2637; x_wconf 75' lang='lat' dir='ltr'><strong>(cfr,</strong></span> <span class='ocrx_word' id='word_1_418' title='bbox 627 2597 698 2629; x_wconf 75' lang='lat' dir='ltr'><strong>Horren</strong></span> <span class='ocrx_word' id='word_1_419' title='bbox 710 2593 786 2629; x_wconf 75' lang='lat' dir='ltr'><strong>Chaldee</strong></span> <span class='ocrx_word' id='word_1_420' title='bbox 799 2601 820 2630; x_wconf 89' lang='lat' dir='ltr'><strong>ct.</strong></span> 
     </span>
     <span class='ocr_line' id='line_1_41' title="bbox 77 2649 821 2696; baseline 0.008 -15"><span class='ocrx_word' id='word_1_421' title='bbox 77 2649 222 2692; x_wconf 77' lang='lat' dir='ltr'><strong>tab.1a‚s1g.2;</strong></span> <span class='ocrx_word' id='word_1_422' title='bbox 235 2651 342 2694; x_wconf 77' lang='lat' dir='ltr'><strong>ar,fig.4);</strong></span> <span class='ocrx_word' id='word_1_423' title='bbox 358 2657 445 2695; x_wconf 86' lang='lat' dir='ltr'><strong>postremo</strong></span> <span class='ocrx_word' id='word_1_424' title='bbox 457 2654 510 2686; x_wconf 85' lang='lat' dir='ltr'><strong>etiam</strong></span> <span class='ocrx_word' id='word_1_425' title='bbox 522 2654 595 2696; x_wconf 82' lang='lat' dir='ltr'><strong>simplex</strong></span> <span class='ocrx_word' id='word_1_426' title='bbox 611 2654 677 2686; x_wconf 89' lang='lat' dir='ltr'><strong>arboris</strong></span> <span class='ocrx_word' id='word_1_427' title='bbox 692 2653 757 2694; x_wconf 88' lang='lat' dir='ltr'><strong>figura,</strong></span> <span class='ocrx_word' id='word_1_428' title='bbox 773 2654 821 2687; x_wconf 92' lang='lat' dir='ltr'><strong>nullo</strong></span> 
     </span>
     <span class='ocr_line' id='line_1_42' title="bbox 77 2705 821 2754; baseline 0.008 -17"><span class='ocrx_word' id='word_1_429' title='bbox 77 2705 150 2738; x_wconf 84' lang='lat' dir='ltr'><strong>artificio</strong></span> <span class='ocrx_word' id='word_1_430' title='bbox 163 2713 231 2748; x_wconf 83' lang='lat' dir='ltr'><strong>praeter</strong></span> <span class='ocrx_word' id='word_1_431' title='bbox 243 2710 299 2742; x_wconf 87' lang='lat' dir='ltr'><strong>nodos</strong></span> <span class='ocrx_word' id='word_1_432' title='bbox 311 2710 386 2751; x_wconf 85' lang='lat' dir='ltr'><strong>variata,</strong></span> <span class='ocrx_word' id='word_1_433' title='bbox 402 2710 460 2742; x_wconf 82' lang='lat' dir='ltr'><strong>multis</strong></span> <span class='ocrx_word' id='word_1_434' title='bbox 472 2710 555 2743; x_wconf 76' lang='lat' dir='ltr'><strong>fructibus</strong></span> <span class='ocrx_word' id='word_1_435' title='bbox 567 2715 583 2743; x_wconf 86' lang='lat' dir='ltr'><strong>et</strong></span> <span class='ocrx_word' id='word_1_436' title='bbox 595 2711 641 2743; x_wconf 77' lang='lat' dir='ltr'><strong>foliis</strong></span> <span class='ocrx_word' id='word_1_437' title='bbox 653 2710 742 2753; x_wconf 84' lang='lat' dir='ltr'><strong>praedita,</strong></span> <span class='ocrx_word' id='word_1_438' title='bbox 757 2711 776 2743; x_wconf 89' lang='lat' dir='ltr'><strong>in</strong></span> <span class='ocrx_word' id='word_1_439' title='bbox 790 2720 821 2754; x_wconf 87' lang='lat' dir='ltr'><strong>pa-</strong></span> 
     </span>
     <span class='ocr_line' id='line_1_43' title="bbox 77 2759 822 2809; baseline 0.007 -14"><span class='ocrx_word' id='word_1_440' title='bbox 77 2764 132 2796; x_wconf 87' lang='lat' dir='ltr'><strong>nistro</strong></span> <span class='ocrx_word' id='word_1_441' title='bbox 144 2762 172 2795; x_wconf 89' lang='lat' dir='ltr'><strong>dei</strong></span> <span class='ocrx_word' id='word_1_442' title='bbox 185 2765 272 2798; x_wconf 86' lang='lat' dir='ltr'><strong>cuiusdam</strong></span> <span class='ocrx_word' id='word_1_443' title='bbox 287 2776 369 2809; x_wconf 82' lang='lat' dir='ltr'><strong>expressa</strong></span> <span class='ocrx_word' id='word_1_444' title='bbox 380 2771 406 2800; x_wconf 86' lang='lat' dir='ltr'><strong>cst</strong></span> <span class='ocrx_word' id='word_1_445' title='bbox 418 2767 455 2809; x_wconf 81' lang='lat' dir='ltr'><strong>(cfr.</strong></span> <span class='ocrx_word' id='word_1_446' title='bbox 468 2766 525 2800; x_wconf 82' lang='lat' dir='ltr'><strong>Gossn</strong></span> <span class='ocrx_word' id='word_1_447' title='bbox 538 2768 578 2800; x_wconf 88' lang='lat' dir='ltr'><strong>Ass.</strong></span> <span class='ocrx_word' id='word_1_448' title='bbox 590 2778 606 2809; x_wconf 84' lang='lat' dir='ltr'><strong>p.</strong></span> <span class='ocrx_word' id='word_1_449' title='bbox 616 2759 661 2809; x_wconf 82' lang='grc'><strong>104).</strong></span> <span class='ocrx_word' id='word_1_450' title='bbox 685 2767 735 2806; x_wconf 79' lang='lat' dir='ltr'><strong>Quae</strong></span> <span class='ocrx_word' id='word_1_451' title='bbox 746 2778 785 2801; x_wconf 88' lang='lat' dir='ltr'><strong>cnm</strong></span> <span class='ocrx_word' id='word_1_452' title='bbox 796 2769 822 2801; x_wconf 86' lang='lat' dir='ltr'><strong>ita</strong></span> 
     </span>
     <span class='ocr_line' id='line_1_44' title="bbox 77 2821 820 2867; baseline 0.005 -15"><span class='ocrx_word' id='word_1_453' title='bbox 77 2822 122 2861; x_wconf 86' lang='lat' dir='ltr'><strong>sint,</strong></span> <span class='ocrx_word' id='word_1_454' title='bbox 138 2821 244 2864; x_wconf 84' lang='lat' dir='ltr'><strong>amplissima</strong></span> <span class='ocrx_word' id='word_1_455' title='bbox 255 2822 285 2855; x_wconf 76' lang='lat' dir='ltr'><strong>lun</strong></span> <span class='ocrx_word' id='word_1_456' title='bbox 301 2823 367 2856; x_wconf 81' lang='lat' dir='ltr'><strong>accedit</strong></span> <span class='ocrx_word' id='word_1_457' title='bbox 382 2824 404 2857; x_wconf 86' lang='lat' dir='ltr'><strong>ad</strong></span> <span class='ocrx_word' id='word_1_458' title='bbox 422 2824 541 2857; x_wconf 81' lang='lat' dir='ltr'><strong>difficillimam</strong></span> <span class='ocrx_word' id='word_1_459' title='bbox 557 2824 685 2867; x_wconf 83' lang='lat' dir='ltr'><strong>quaestionem,</strong></span> <span class='ocrx_word' id='word_1_460' title='bbox 701 2834 744 2866; x_wconf 87' lang='lat' dir='ltr'><strong>quae</strong></span> <span class='ocrx_word' id='word_1_461' title='bbox 760 2828 786 2856; x_wconf 85' lang='lat' dir='ltr'><strong>est</strong></span> <span class='ocrx_word' id='word_1_462' title='bbox 799 2824 820 2857; x_wconf 90' lang='lat' dir='ltr'><strong>de</strong></span> 
     </span>
     <span class='ocr_line' id='line_1_45' title="bbox 77 2878 820 2925; baseline 0.009 -15"><span class='ocrx_word' id='word_1_463' title='bbox 77 2878 167 2912; x_wconf 83' lang='lat' dir='ltr'><strong>sinrulacrc</strong></span> <span class='ocrx_word' id='word_1_464' title='bbox 180 2879 268 2919; x_wconf 79' lang='lat' dir='ltr'><strong>Asteries,</strong></span> <span class='ocrx_word' id='word_1_465' title='bbox 282 2886 363 2922; x_wconf 53' lang='lat' dir='ltr'><strong>liwir,</strong></span> <span class='ocrx_word' id='word_1_466' title='bbox 386 2881 432 2923; x_wconf 83' lang='lat' dir='ltr'><strong>quod</strong></span> <span class='ocrx_word' id='word_1_467' title='bbox 449 2883 548 2925; x_wconf 81' lang='lat' dir='ltr'><strong>saepissime</strong></span> <span class='ocrx_word' id='word_1_468' title='bbox 563 2883 581 2915; x_wconf 93' lang='lat' dir='ltr'><strong>in</strong></span> <span class='ocrx_word' id='word_1_469' title='bbox 600 2883 617 2914; x_wconf 91' lang='lat' dir='ltr'><strong>ll.</strong></span> <span class='ocrx_word' id='word_1_470' title='bbox 630 2892 652 2915; x_wconf 90' lang='lat' dir='ltr'><strong>ss.</strong></span> <span class='ocrx_word' id='word_1_471' title='bbox 671 2886 820 2924; x_wconf 83' lang='lat' dir='ltr'><strong>commemoratur,</strong></span> 
     </span>
    </p>
   </div>
   <div class='ocr_carea' id='block_1_4' title="bbox 0 0 950 3264">
    <p class='ocr_par' dir='ltr' id='par_1_5' title="bbox 0 0 950 3264">
     <span class='ocr_line' id='line_1_46' title="bbox 0 0 950 3264; baseline 0 0"><span class='ocrx_word' id='word_1_472' title='bbox 0 0 950 3264; x_wconf 95' lang='lat' dir='ltr'><strong> </strong></span> 
     </span>
    </p>
   </div>
  </div>
 </body>
</html>
