1889 3264
96 115 127 161 38
371 120 419 158 cir.
429 120 448 168 1,
462 133 480 159 v.
491 123 565 158 12-14.

96 242 199 283 scribitur:
216 249 236 282 et
252 243 280 283 sic
298 243 357 282 etiam
370 242 392 294 (i.
403 257 419 281 e.
432 248 492 295 atque
508 243 568 295 adeo)
584 244 653 293 multi,
670 245 730 285 etiam
746 247 775 286 ita
786 246 808 298 (i.
821 261 838 285 e.

96 317 194 360 attamen,
206 311 351 363 nihilominus),
363 311 410 350 licet
421 321 441 362 13
456 325 497 350 uon
508 311 574 362 possit
582 311 635 350 nude
643 325 688 351 esse
700 319 791 364 tamen,
804 315 838 354 sed

96 393 150 418 mere
169 379 216 428 ita,
238 379 269 418 oui
285 394 296 418 e
312 380 453 419 sententiarum
468 393 522 418 nexu
537 380 617 418 additur
631 385 721 430 potestas
738 383 839 421 contrarii.

96 447 222 487 Kousrsuus
238 447 406 499 (Erlsuterungen
422 447 457 486 der
472 448 491 485 h.
504 446 560 487 Sohr.
572 461 592 499 p.
602 449 634 500 64)
650 461 694 487 cum
710 454 784 488 temere
798 451 840 501 pri-

97 528 151 554 mum
162 515 213 554 illud
224 525 244 566 53
259 515 409 567 interpretetur:
423 515 475 563 „ita,
488 516 517 554 uti
527 529 580 555 nunc
588 516 677 555 videmus
688 517 761 557 multos
774 521 839 566 esse,“

97 584 190 622 alterum:
201 585 250 633 „ita,
257 590 279 623 ut
288 584 379 636 equidem
387 583 590 634 constitui,“planum
599 585 726 636 cogitationis
736 586 840 625 decursum

97 653 174 700 turhat3
189 666 236 691 nam
251 652 301 690 illud
318 651 434 702 simpliciter
450 657 508 690 notat
523 665 567 691 eam
578 652 734 702 multitudinem,
753 667 804 704 quae
815 668 841 693 ex

97 720 212 771 integritate
223 720 346 758 exercituum
358 719 491 771 consequitur,
503 720 542 759 hoc
551 725 616 759 autem
627 721 727 772 ingentem
738 735 840 761 numerum

97 788 147 826 nihil
158 789 225 827 valere
237 788 336 840 signifieat
347 794 417 826 eontra
432 787 509 828 consilii
521 788 583 827 divini
599 789 752 829 exsecutionem.
781 790 841 829 innu-

98 856 148 894 meri
162 855 215 895 enim
227 857 358 908 Assyriorum
374 856 483 905 exercitus,
501 862 520 895 et
536 856 624 896 universi
640 857 699 896 simul
716 858 772 909 regni
788 858 841 898 cives

99 924 220 973 tonduntur,
237 924 270 963 vel
280 924 348 975 potius
364 925 417 963 tonsi
432 924 473 963 iam
490 930 547 973 sunt,
565 925 622 964 sicuti
638 925 706 964 futura
722 926 754 965 dei
768 927 842 965 iudicia

99 992 173 1030 dudum
183 993 322 1044 praesagiente
333 998 410 1042 spectat
422 993 489 1031 animo
499 993 610 1043 propheta,
622 994 703 1041 „subito
716 1000 735 1032 et
747 1000 842 1046 tanquam

98 1060 150 1098 falce
160 1060 258 1099 messoria
270 1059 413 1099 abscinduntur
417 1062 438 1107 ³⁶⁶
450 1060 561 1098 Knuunuu.
579 1073 605 1100 m
621 1059 800 1110 GenXXXVHI,
810 1065 841 1109 133

100 1128 134 1167 cfr.
140 1128 231 1176 IesVll,
237 1131 269 1175 203
276 1127 310 1166 Ni.
316 1128 355 1167 nisi
362 1127 401 1176 hic,
408 1140 448 1166 non
457 1128 540 1179 legitur,
548 1128 601 1166 unde
606 1128 715 1167 illinemus
724 1143 778 1168 mere
787 1131 841 1180 posi-

99 1202 141 1234 tum
149 1209 186 1247 pro
196 1196 262 1247 specie
271 1196 337 1235 aetiva
346 1196 457 1234 contendit:
470 1201 589 1244 „torserunt
597 1196 639 1235 scil.
648 1196 743 1236 lsraelem
752 1198 843 1249 aliasque

99 1268 188 1315 gentes.“
208 1264 355 1303 MssErfordd.
365 1269 465 1315 quattuor,
479 1264 553 1303 omisso
561 1264 653 1314 Dagesch
662 1264 683 1303 iu
692 1264 732 1316 lt,
748 1266 843 1304 exhibent

96 1331 131 1371 Ni.
147 1345 166 1370 v.
179 1343 219 1380 tiu,
233 1332 371 1382 expelluntur,
388 1332 442 1382 quod
453 1331 520 1370 neseio
537 1345 584 1369 num
596 1339 679 1382 propter
690 1346 775 1385 sequeus
790 1344 841 1375 alvi

97 1400 172 1438 factum
184 1401 220 1448 sit,
238 1405 259 1438 at
269 1400 332 1438 multo
345 1405 364 1438 et
382 1399 493 1438 distinctior
506 1404 525 1438 et
541 1400 630 1438 ornatior
645 1400 711 1451 imago
728 1407 758 1440 est
773 1401 843 1439 altera.

97 1478 148 1511 uuiti
164 1480 237 1519 magno
255 1481 299 1506 oum
315 1468 404 1518 pondere
419 1466 578 1517 potentissimam
594 1473 672 1518 gentem
694 1474 843 1507 evanescentem

99 1535 172 1586 pingit,
184 1536 245 1587 idque
256 1549 309 1574 num.
319 1535 377 1586 sing,
390 1536 448 1586 quasi
459 1548 511 1574 unus
522 1540 600 1573 tantum
613 1536 718 1574 homuncio
728 1536 842 1583 tolleretur3

100 1603 135 1642 cfr.
147 1603 191 1643 Iob.
201 1604 301 1652 XXXIV,
313 1606 345 1642 20:
362 1608 397 1652 „et
408 1603 518 1651 evanescit,
532 1609 551 1641 et
562 1616 618 1651 ecce,
631 1616 671 1641 non
683 1609 714 1643 est
725 1604 822 1654 amplius!
830 1607 842 1626 “

100 1682 143 1712 *inu
153 1660 249 1719 transire,
262 1684 322 1722 saepe
334 1672 358 1710 de
370 1671 444 1722 stipula
455 1677 514 1710 vento
527 1671 625 1721 dissipata
637 1671 708 1710 dicitur
716 1672 755 1711 les.
761 1671 842 1720 XXIX,

101 1740 122 1786 ὃς
134 1739 169 1778 Ps.
176 1739 273 1787 XLVIII,
281 1741 292 1777 5
297 1753 303 1787 3
315 1752 380 1790 neque
388 1752 436 1777 vero
448 1738 493 1777 ideo
502 1739 617 1777 Hrrzroiuu
629 1745 708 1779 secutus
720 1740 805 1790 stipulae
817 1741 844 1779 si-

101 1807 232 1846 militudinem
245 1820 270 1845 ex
281 1820 300 1845 v.
311 1810 356 1845 10ΠΝ
365 1808 479 1858 repetitam,
492 1806 524 1845 hic
536 1806 595 1845 etiam
607 1808 674 1845 valere
685 1807 777 1846 dixerim.
800 1807 844 1846 Mu·

101 1875 151 1913 tatio
163 1875 240 1914 numeri
252 1875 352 1914 offendere
364 1876 442 1926 nequit,
460 1875 495 1913 cfr.
507 1888 526 1913 u.
537 1878 558 1912 10
570 1880 590 1913 et
602 1878 634 1923 11;
650 1875 709 1913 facile
719 1875 843 1926 intelligitur,

101 1956 137 1982 nec
148 1956 214 1994 regem
227 1943 292 1982 solum
301 1943 386 1994 (Duos.)
398 1955 434 1981 nec
446 1942 554 1981 exereitum
564 1942 682 1994 (vienne),
695 1956 763 1981 rerum
776 1956 844 1982 omnes

100 2011 199 2062 Assyrios
219 2025 260 2049 una
280 2011 433 2061 comprehensos
454 2010 512 2062 quasi
532 2022 619 2060 persona
638 2010 736 2061 proponi;
757 2024 794 2050 nec
814 2017 845 2051 est

102 2079 193 2128 omnino,
206 2080 260 2130 quod
272 2085 362 2117 neutrum
374 2078 511 2128 praeferamus
523 2090 612 2117 sensum:
635 2084 669 2127 „et
680 2084 745 2117 actum
758 2084 788 2119 est
800 2078 842 2118 scil.

101 2146 126 2184 de
139 2147 184 2186 iis“
197 2147 320 2197 (Haesura,
332 2146 451 2197 Heumann),
468 2146 500 2185 vel
515 2145 574 2184 deum
589 2146 675 2186 transire
689 2146 786 2186 faciamus
799 2147 844 2198 (cfr.

100 2214 132 2263 ΙΙ,
146 2216 176 2267 l),
188 2228 228 2253 uno
240 2215 316 2265 impetu
327 2216 395 2254 hostes
408 2227 455 2253 suos
467 2214 590 2264 perditurum
603 2214 719 2267 (Citium),
732 2215 765 2253 vel
777 2215 844 2263 etiam,

102 2283 130 2320 uti
141 2283 249 2334 singularis
262 2283 339 2322 exstitit
350 2283 463 2321 Khurxsxrr
475 2283 581 2331 sententia,
595 2283 703 2334 cogitemus
717 2282 741 2321 de
752 2283 846 2321 hlauasse

100 2350 122 2388 in
139 2351 275 2402 captivitatem
290 2351 412 2389 deducendo.
427 2373 452 2379 —
477 2350 596 2389 Assentiunt
613 2350 742 2401 explicationi
759 2364 771 2388 a
786 2351 845 2390 nobis

99 2418 203 2458 institutae
214 2418 317 2467 Hieron,
329 2419 431 2468 Terror,
445 2417 537 2467 Garine,
549 2418 640 2466 Beuum,
653 2419 755 2467 Rosnnn,
768 2419 845 2467 hlxun,

100 2485 267 2526 Hortensius.

134 2556 227 2594 Alterum
242 2568 312 2594 versus
328 2555 438 2594 membrum
453 2554 519 2603 addit,
539 2554 594 2605 quod
613 2566 639 2591 ex
658 2553 740 2593 interitu
757 2554 846 2594 hostium

100 2630 240 2675 consequatur.
264 2633 305 2664 uix)
318 2622 350 2661 Pi.
364 2623 462 2672 affligere,
470 2622 588 2673 opprimere
600 2621 716 2673 saepissime
728 2623 753 2660 de
764 2623 846 2673 populis

100 2692 179 2730 vexatis
192 2691 272 2729 dieitur:
286 2691 336 2730 Gen.
346 2691 393 2739 XV,
407 2694 439 2738 13;
452 2691 487 2730 Ps.
497 2689 541 2738 XO,
556 2692 587 2737 153
600 2690 661 2741 Zeph.
671 2691 709 2738 ΠΙ,
723 2694 744 2728 19
754 2696 789 2738 et.;
802 2703 846 2728 eor-

100 2765 158 2809 repta
173 2759 272 2799 scribendi
289 2759 352 2807 ratio,
368 2759 400 2797 bis
417 2758 492 2798 omisso
507 2770 525 2810 ³,
545 2759 570 2797 ah
589 2757 657 2810 aliqua
669 2759 757 2809 rhythmi
774 2770 846 2797 caussa

100 2828 207 2878 repetenda
218 2828 261 2867 erit.
286 2827 420 2878 Appellantur
432 2833 496 2870 auteur
509 2826 587 2874 ludaei,
609 2827 637 2865 uti
649 2827 733 2865 mutatio
746 2838 844 2876 personae
