1889 3264
367 170 416 209 Cur.
426 170 456 218 Π,
469 184 488 208 v.
497 173 514 207 d.
782 166 812 211 59

72 292 150 336 nmine
166 288 229 343 ἅπαξ
242 289 369 348 λεγόμενον,
392 307 410 331 a.
422 307 441 332 v,
460 290 512 335 run
531 305 600 331 coccus
616 282 705 340 vermis,
718 292 753 330 cfr.
769 292 813 347 lon.

72 362 108 409 IV,
121 364 152 409 173
174 363 263 402 coccineo
285 368 350 401 autem
371 361 438 400 colore
457 366 521 399 vestes
541 361 608 410 potius
625 360 743 410 cogitandae
758 365 811 407 suut,

73 443 133 480 quam
148 443 204 469 arma
221 430 316 481 (Dius),
332 430 393 480 idque
408 429 430 466 in
445 427 534 466 moribus
552 427 655 465 Medorum
675 427 737 466 fuisse
753 427 814 465 tradit

13 483 15 486 ,
72 497 164 536 Ponnux.
177 499 197 546 I,
211 501 242 535 13:
254 490 369 550 Eccpclng,
380 487 467 548 listridcov
481 506 504 532 τι
519 485 621 547 φόρημα,
633 486 757 547 πόρφυρος,
773 506 813 544 με-

75 556 181 610 attactos
196 559 273 614 χίτων,
291 568 310 599 et
321 568 403 602 auctore
414 562 559 600 quorrrourr
570 561 645 599 Persae
656 575 669 599 a
680 561 743 600 Medis
759 574 814 600 acce-

73 636 145 680 perunt
156 624 288 683 πυρφόρους
302 627 402 679 χίτωνας.
455 663 459 668 ,

106 698 175 736 Tertio
191 698 236 735 loco
252 697 341 736 additur:
360 709 416 739 :aaa
431 692 492 741 tumbe
507 706 560 736 mur.
589 696 623 734 Ex
642 696 734 736 hebraeis
750 696 814 737 literis

74 765 116 804 erui
127 779 167 803 non
178 770 251 815 potest,
264 765 311 816 quid
324 765 350 804 sit
366 763 428 813 urbm
441 769 547 815 cognatum
559 768 589 803 est
600 769 667 803 autem
678 761 727 813 &db
740 777 814 813 secare,

74 827 122 886 obp
138 833 212 870 ferrum
227 832 364 880 durissimum,
384 832 477 883 chalybs,
495 827 553 886 &ylio
571 845 603 870 res
620 832 703 883 chalybe
718 832 814 881 confecta,

74 911 162 937 necnon
184 887 244 952 iri-45
267 900 389 951 terrigenis
401 898 579 949 praestantissima
595 899 616 936 in
632 900 670 937 hoc
685 899 814 939 ferramento-

73 979 118 1003 rum
129 956 213 1016 chalybe
225 968 275 1005 bene
285 972 440 1017 temperatorum
452 966 563 1017 significatu
576 966 674 1016 acquiesci
690 979 751 1016 posse
762 973 815 1005 recte

74 1033 124 1071 uidit
134 1034 262 1081 blAURERU83
274 1048 319 1072 nam
331 1034 462 1085 Assyriorum
474 1046 554 1081 currus,
567 1033 637 1084 quales
648 1033 670 1071 in
681 1034 815 1073 monumentis

74 1101 219 1151 conspicimusI
230 1102 312 1141 horrent
322 1102 443 1154 fulgentibus
450 1103 520 1150 rebus,
538 1114 573 1140 seu
582 1114 593 1139 e
601 1092 654 1140 ferio
666 1114 702 1140 seu
713 1102 816 1153 echalybe

73 1168 144 1217 factis,
156 1170 268 1219 securibus,
281 1172 377 1219 arcubus,
393 1169 482 1224 sagittis‘,
499 1170 614 1221 clypeisque
630 1175 650 1208 et
665 1170 768 1220 quibusvis
785 1171 816 1208 in-

74 1237 197 1285 strumentis,
211 1238 257 1289 equi
269 1239 347 1277 coronis
359 1225 466 1289 rubrisque
478 1238 534 1275 cirris
544 1237 619 1285 ornati,
633 1227 721 1276 temones
731 1237 815 1288 denique

74 1304 195 1353 fulgentibus
207 1305 283 1344 solibus
295 1306 387 1357 lunisque
399 1310 497 1355 apparent
506 1304 593 1342 distincti
599 1319 604 1352 5
618 1317 657 1355 quo
666 1304 717 1342 adde
726 1310 815 1345 armatos

74 1371 158 1419 milites,
171 1372 261 1411 curribus
270 1365 394 1419 instantes32
406 1372 478 1422 quibus
490 1372 549 1409 rebus
562 1371 654 1410 omnibus
669 1371 713 1409 fieri
727 1384 767 1409 non
778 1385 817 1422 po-

74 1438 122 1486 tuit,
141 1438 188 1490 quin
203 1439 264 1478 radiis
280 1439 362 1490 iusuper
375 1439 423 1479 solis
435 1438 556 1487 collustrati,
575 1451 618 1478 cum
629 1438 704 1490 ingenti
716 1439 816 1479 celeritate

74 1505 181 1546 volitantes
192 1508 316 1546 flammarum
332 1512 458 1558 conspectum
475 1507 577 1546 referrent.
597 1508 621 1558 2)
633 1507 693 1558 Apud
705 1508 757 1546 hanc
769 1509 815 1547 sim-

74 1574 146 1624 plicem
158 1575 247 1626 chalybis
259 1576 359 1614 notionem
372 1576 417 1615 aliis
429 1576 570 1614 remanendum
581 1588 623 1613 non
633 1575 744 1614 uidebatur.
764 1572 817 1617 tribu

75 1642 200 1681 coniecerunt
210 1643 361 1682 instrumentum
373 1644 399 1681 ad
411 1644 528 1690 secandum,
540 1656 559 1680 r.
572 1655 588 1680 c.
601 1642 684 1690 falcem,
697 1656 767 1682 currus
778 1643 815 1693 igi-

75 1710 207 1748 tartaraeos
222 1723 266 1749 esse
281 1711 429 1761 intelligendos,
452 1710 469 1747 r.
485 1709 512 1747 H.
528 1709 655 1757 unanimus,
672 1710 728 1757 rw,
747 1698 817 1757 aaz,

74 1776 157 1814 Wrurn.
169 1776 222 1815 RW.
235 1777 262 1825 H,
279 1790 298 1827 p.
309 1780 354 1824 tlh
371 1777 465 1828 equibus
477 1776 594 1824 Hrrzrorus,
610 1776 657 1814 licet
671 1776 689 1815 'u
704 1789 745 1815 uon
757 1777 818 1828 signi*

74 1845 135 1882 ficare
149 1844 211 1885 falces
225 1845 344 1896 perspiciat,
361 1858 429 1884 currus
442 1842 511 1883 ‘tamen
528 1844 629 1884 existimat
646 1845 716 1884 dehere
731 1845 817 1886 falcatos

76 1925 125 1961 esse,
138 1926 182 1952 cum
190 1914 266 1965 integer
274 1927 344 1953 versus
352 1915 377 1952 ad
385 1926 419 1954 eos
428 1913 569 1953 describendos
579 1914 715 1963 impendatur!
727 1914 757 1951 At
769 1927 816 1952 vero

76 1994 167 2020 curruum
180 1982 239 2020 etiam
252 1983 294 2021 sine
305 1982 389 2021 falcibus
401 1994 474 2032 magna
486 1986 529 2019 erat
540 1981 594 2030 apud
605 1981 651 2020 illas
666 1988 734 2031 gentes
751 1982 817 2031 gravi-

76 2055 118 2096 tas,
136 2049 161 2086 ob
173 2049 318 2088 irresistibilem
330 2049 417 2087 maxime
428 2050 533 2099 impetun15
550 2048 620 2085 deinde
631 2049 763 2098 Assyriorum
775 2061 817 2086 mo-

76 2121 169 2154 numenta
183 2129 281 2167 nusquam
293 2117 388 2155 exhibent
404 2106 502 2154 eiusmodi
513 2108 605 2156 eurruiim
620 2127 692 2164 genus,
710 2128 722 2152 a
738 2115 817 2166 quibus,

76 2182 94 2220 si
105 2187 173 2220 notum
184 2183 220 2221 illo
232 2188 321 2234 tempore
332 2183 413 2231 fuisset,
431 2183 452 2221 in
468 2196 525 2222 suum
542 2194 622 2233 quoque
638 2195 696 2221 usum
707 2182 751 2221 fore
762 2183 818 2222 adhi-

75 2250 138 2290 bitum
149 2251 313 2291 verisimillimum
326 2258 367 2300 est;
384 2266 423 2303 quo
436 2252 522 2300 accedit,
541 2250 595 2301 quod
611 2251 717 2289 secundum
730 2256 817 2290 veterum

111 2429 128 2470 1)
143 2430 171 2462 De
183 2431 259 2463 curribus
275 2431 385 2471 Assyriorum
404 2429 434 2461 cir.
450 2429 527 2468 Lauren,
541 2428 552 2460 l.
565 2428 576 2459 l.
591 2437 608 2468 p.
615 2427 687 2468 adessa
703 2426 769 2460 Bouom
783 2429 795 2460 1.
807 2430 818 2461 l.

76 2497 92 2528 p.
100 2487 138 2519 223.
151 2488 190 2519 180.
203 2488 241 2519 201.
251 2487 290 2519 305.
299 2486 347 2526 330.;
361 2485 418 2519 Gossn
430 2485 441 2517 l.
449 2485 461 2516 1,
469 2494 486 2525 p.
496 2486 529 2517 217
538 2495 560 2517 ss.
571 2484 726 2525 Frequentissimus
739 2494 817 2516 curruum

76 2551 116 2573 usus
128 2546 232 2583 quantopere
244 2542 267 2574 ad
279 2535 409 2582 distinguendas
422 2531 496 2573 siderum
507 2542 571 2582 figuras
583 2541 693 2583 pertinuerit,
710 2540 760 2572 docet
772 2540 818 2574 Gno-

76 2607 172 2639 ruunumus,
184 2598 254 2640 Aulage
265 2598 301 2632 und
314 2598 419 2640 Zcrstitrung
431 2598 462 2631 der
475 2598 558 2633 Gebaude
570 2609 591 2631 zu
601 2597 680 2631 Nimrud
688 2607 704 2639 p.
712 2599 733 2631 29
742 2608 764 2631 ss.

111 2656 128 2697 2)
140 2655 175 2688 Cfr
189 2656 246 2690 Gossr
258 2657 269 2688 l.
282 2658 293 2688 l.
306 2666 322 2698 p.
330 2658 369 2690 233.
382 2658 420 2690 238.
444 2656 544 2690 Revocandi
556 2657 608 2688 etiam
620 2658 638 2688 in
651 2657 752 2689 memoriam
769 2660 819 2689 erunt

77 2714 211 2747 Ouuaanitarunr
225 2724 284 2746 currus
296 2714 357 2755 ferrei,
369 2714 447 2747 similitor
456 2714 545 2754 exornati,
557 2713 591 2745 Ios.
600 2713 663 2753 XVII,
673 2712 703 2755 163
715 2713 753 2745 lud.
765 2713 784 2754 1,
792 2715 819 2746 19.

76 2772 108 2812 IV,
122 2772 137 2805 3.
151 2773 180 2812 13;
193 2771 222 2803 cir.
234 2770 283 2803 llum.
296 2771 318 2803 ad
330 2771 365 2803 Ios.
373 2771 411 2812 XI,
419 2772 439 2812 43
451 2770 543 2803 Bnaruuau
556 2769 622 2802 adIud.
634 2770 688 2810 Lis.
703 2770 730 2802 De
736 2771 819 2813 Aegypti-

77 2838 125 2860 ormn
142 2828 217 2861 curribus
234 2828 294 2861 eodem
308 2827 345 2859 fere
360 2827 412 2860 modo
427 2827 514 2860 instructis
529 2826 752 2867 cir.Bou0u1l.l.p.2·22;
772 2827 819 2860 Wm

77 2893 134 2917 rursou
147 2893 226 2917 manners
240 2884 274 2917 and
286 2887 360 2916 cristoms
373 2885 392 2916 ol
402 2885 430 2916 the
443 2886 510 2917 ancient
521 2884 616 2926 Egyptians
629 2883 646 2923 l,
659 2893 675 2923 p.
685 2883 723 2915 342.
737 2883 775 2915 348,
