1889 3264
271 192 288 242 ξ.
300 196 317 229 4.
335 190 369 229 Da
382 202 509 231 cormarcus
520 191 653 230 Iunaacnuu.
772 202 830 230 mauu

86 328 99 352 a
116 313 162 353 Chr.
179 315 257 355 videtur
273 315 387 356 accidisset
404 337 429 342 —
447 313 481 354 Sic
496 315 590 354 Marassa
609 316 634 353 ab
649 315 721 354 iisdem
738 315 831 366 Assyriis

87 387 156 432 captus
168 389 208 432 est,
221 398 233 423 a
245 385 317 436 quibus
329 381 414 420 Hislrias
426 386 484 431 pater
495 388 537 420 tam
549 383 652 433 splendide
666 383 763 422 liberatus
775 389 830 430 erat;

86 450 156 489 iisdem
172 453 224 491 enim
238 452 326 503 peccatis
344 450 487 488 contumaciter
503 462 546 489 sese
562 450 652 498 dederat,
674 465 687 489 a
699 452 772 502 quibus
788 452 831 499 ille,

88 524 182 569 quantum
195 521 281 567 ualeret,
293 530 377 569 regnum
387 517 487 555 lustravit.

61 616 63 620 .
120 586 246 638 Necopinata
257 587 295 624 hac
306 585 419 624 calamitate
429 584 499 623 Iudaei
510 597 522 623 a
534 597 611 624 summo
627 585 717 624 insaniae
729 591 789 637 atque
799 587 830 625 in-

89 653 186 693 solentiae
197 655 279 704 fastigio
295 653 316 691 in
333 660 443 691 extremam
455 652 575 691 moestitiam
588 659 648 704 atque
659 653 782 692 anxietatem
798 655 831 693 de-

87 721 133 760 iecti
145 727 201 769 sunt,
218 735 258 760 non
274 721 329 772 quod
344 721 412 759 ablato
429 733 475 772 rege
491 721 562 771 inopes
578 721 663 759 fuissent
680 721 769 770 consilii,
786 723 831 773 quis

87 789 127 827 iam
139 791 198 829 rebus
210 789 294 840 publicis
306 790 451 836 moderaretur,
464 801 500 826 nec
513 789 567 839 quod
579 788 703 828 dilectissimi
712 789 765 827 forte
777 789 832 839 priu-

88 857 138 907 cipis
154 857 234 896 rincula
249 862 316 896 essent
331 856 464 895 commiserati
479 879 503 884 —
521 856 643 907 flagitiorum
664 857 716 894 enim
733 857 832 907 magistro

88 924 156 973 potius
171 925 236 976 gavisi
251 929 308 964 erant
325 937 385 975 quam
400 935 468 974 regem
485 936 542 962 suum
559 936 603 961 eum
619 924 694 974 pietate
710 930 730 962 et
749 925 832 963 caritate

88 994 199 1041 prosecuti,
210 994 245 1033 sed
257 993 304 1044 quia
315 992 358 1030 fieri
369 1005 409 1029 non
420 992 492 1041 potuit,
505 992 553 1042 quin
565 992 663 1040 timerent,
675 1004 700 1030 ne
712 1004 759 1043 rege
772 998 832 1042 capto

88 1060 181 1100 universa
196 1073 244 1111 gens
260 1060 322 1099 serius
338 1060 393 1099 ocius
410 1060 435 1098 ab
447 1059 549 1110 Assyriis,
566 1058 672 1099 Sauheribi
687 1059 740 1098 forte
756 1060 832 1099 cladem

88 1197 166 1229 Versuch
181 1197 223 1230 iiber
239 1197 267 1229 die
282 1196 359 1230 Chronik
376 1206 391 1238 p.
399 1196 494 1238 rao-31>
506 1201 523 1228 et
535 1197 623 1229 Hssrauu.
636 1196 688 1237 (Einl.
701 1196 729 1237 II,
742 1206 762 1238 a,
774 1208 790 1239 p.
799 1199 830 1230 221

89 1253 156 1294 4225)
168 1258 204 1286 tam
218 1255 313 1287 luculenter
328 1253 403 1285 refutata
417 1258 466 1294 sunt,
482 1258 501 1285 ut
516 1253 544 1285 vel
555 1253 627 1286 Eumae.
640 1260 752 1294 asseveraret,
769 1253 832 1287 Gesch.

90 1309 120 1342 des
131 1310 154 1343 V.
167 1311 209 1343 Thr.
220 1311 259 1351 ΙΙΙ,
272 1320 290 1351 a,
303 1321 318 1352 p.
328 1310 371 1342 377:
384 1309 426 1350 „das
433 1310 522 1352 Ereigniss
533 1309 581 1341 kann
593 1310 658 1342 seinem
671 1311 749 1343 reinen
761 1311 833 1344 Grande

89 1366 118 1407 (t)
133 1367 177 1399 nael]
192 1377 223 1408 gar
238 1368 286 1399 nicht
301 1367 398 1398 bezweifelt
413 1366 504 1406 werden,“
521 1367 561 1399 lieet
576 1368 670 1399 notaverit:
688 1367 739 1409 ,Wer
754 1378 790 1399 nun
804 1368 832 1400 die

89 1433 144 1465 ganzo
159 1425 193 1457 Art
208 1424 238 1455 des
255 1423 360 1456 Chronikers
374 1422 437 1463 keunt,
459 1423 502 1456 ivird
523 1423 579 1455 hierin
595 1433 628 1455 nur
645 1424 672 1457 die
689 1424 834 1466 eigenrhumliehe

90 1480 224 1522 strafgehaltene
239 1480 393 1513 halbdichterische
407 1479 582 1521 Darstellungsweise
593 1480 662 1521 finden,
677 1482 696 1513 in
710 1482 784 1514 welches
797 1482 833 1514 die-

90 1547 117 1569 ser
128 1537 212 1569 Erziihler
223 1537 265 1570 auch
281 1541 330 1570 soust
346 1547 365 1569 so
381 1536 407 1569 oft
418 1546 455 1569 ivus
471 1547 489 1570 er
504 1538 523 1569 in
537 1538 602 1569 seiuem
614 1535 743 1575 Quellenbuche
755 1539 835 1571 ausftthr·

89 1594 143 1627 licher
154 1594 265 1627 besclrriebeu
276 1594 324 1636 fano,
335 1595 354 1626 iu
366 1594 394 1625 ein
405 1603 448 1635 paar
459 1595 557 1636 gewiirzige
564 1594 627 1626 Worte
640 1595 833 1637 zusammendrangt!1“

89 1670 112 1675 -
124 1651 175 1683 Unde
187 1651 299 1693 repetendum
311 1652 341 1691 sit,
358 1651 405 1691 quod
417 1650 458 1683 libbi
470 1651 537 1692 Regum
553 1650 596 1682 nihil
612 1650 634 1681 de
649 1650 682 1682 hoc
698 1662 738 1684 casu
750 1652 832 1693 habeant,

90 1713 150 1750 postea
160 1709 266 1750 ridebimus,
281 1696 405 1740 nobisautem
421 1718 506 1739 summum
522 1707 610 1749 quoddam
625 1707 746 1740 documentum
763 1719 784 1741 ex
797 1710 835 1751 ipso

90 1765 167 1798 Nahumi
181 1765 225 1798 libro
242 1766 337 1806 redundat,
353 1765 379 1796 uti
394 1765 440 1797 enim
455 1774 508 1806 supra
519 1775 535 1806 p.
543 1764 609 1796 XVIII
620 1765 691 1797 iamiam
702 1765 837 1807 indigitavimns,

90 1823 171 1855 universa
182 1823 260 1855 vaticinii
272 1823 317 1854 ratio
329 1826 346 1853 et
357 1822 468 1864 praesertim,
481 1822 528 1863 quod
540 1831 624 1863 nusquam
636 1826 706 1863 peccata
716 1823 775 1864 populi
787 1833 837 1865 argu-

91 1883 149 1919 untur,
161 1883 281 1921 tempestatem
293 1879 369 1921 aliquam
381 1879 468 1921 designat,
481 1888 515 1920 qua
526 1878 587 1910 Iudaei
599 1879 648 1919 gravi
657 1878 732 1920 quodam
741 1889 782 1911 casu
792 1880 836 1912 adeo

91 1936 153 1968 deiecti
164 1940 213 1968 erant
225 1945 245 1968 ac
257 1945 311 1978 paene
324 1935 420 1977 desperati,
438 1942 466 1976 ut,
483 1946 521 1968 cum
535 1945 563 1972 res
575 1936 613 1977 ipsa
624 1936 666 1967 satis
679 1945 762 1977 superque
774 1936 835 1977 loque-

91 1997 146 2033 retur,
161 2002 197 2025 non
209 1993 291 2025 severitas
302 1992 356 2034 legis,
372 1992 402 2024 sed
417 1992 484 2034 gratiae
500 1992 572 2025 dulcedo
588 1992 677 2024 hominum
692 1991 754 2023 animis
765 1992 836 2025 fortiter

92 2054 137 2082 esset
148 2049 265 2093 proponenda.
288 2049 312 2081 Et
324 2051 406 2092 quoniam
418 2050 518 2082 Nahumum
529 2059 565 2081 non
576 2058 627 2092 posse
639 2049 672 2081 nisi
684 2052 723 2089 post
732 2048 805 2081 Hiskiae
817 2053 835 2081 et

91 2110 131 2138 ante
142 2105 200 2138 Iosiae
212 2111 279 2148 tempus
290 2108 343 2139 fuisse-
356 2107 467 2140 vaticinatum
478 2107 562 2148 vidimus,
578 2106 664 2139 eiusmodi
680 2105 797 2138 calamitatem
808 2116 835 2138 re·

91 2168 156 2206 guante
167 2163 249 2196 Manasse
261 2164 343 2196 accidisse
355 2169 428 2206 oportet.

126 2221 143 2262 1)
155 2219 228 2259 Quando
240 2220 322 2254 Manasse
334 2223 356 2254 ab
368 2222 445 2262 Assyriis
458 2221 558 2263 deportatus
569 2220 631 2260 fuerit,
646 2230 730 2262 nusquam
744 2223 791 2252 certo
804 2220 835 2253 do⁴

92 2282 147 2319 cetur,
160 2281 216 2319 potest
227 2281 286 2309 tamen
298 2287 319 2309 ex
332 2278 373 2320 ipsis
385 2278 403 2310 ll.
412 2288 435 2310 ss.
447 2277 501 2319 probe
512 2277 586 2310 deliniri.
598 2277 645 2310 Nam
652 2278 765 2319 Assyriorum
775 2278 835 2318 copiae

92 2336 110 2366 in
117 2334 235 2367 Palaestinam
243 2333 352 2366 descendisse
363 2334 408 2366 aliae
419 2344 455 2366 non
466 2339 538 2375 possunt
550 2334 631 2375 cogitari,
644 2343 695 2375 qnam
707 2343 751 2376 quae
763 2335 835 2367 colonos

92 2392 131 2423 illos
139 2390 248 2423 deduxerunt
256 2395 274 2423 et
281 2391 300 2423 X
307 2391 382 2423 tribuum
390 2391 471 2432 reliquias
480 2400 537 2423 seeum
546 2394 685 2433 asportaveruut3
693 2391 712 2423 id
720 2390 766 2432 quod
776 2400 836 2424 secun-

93 2448 134 2480 dum
145 2448 179 2480 Ies.
187 2448 232 2489 VH,
243 2449 256 2481 4
266 2448 330 2480 tactum
343 2452 369 2480 est
379 2447 429 2480 LXV
439 2449 488 2480 annis
500 2453 539 2490 post
550 2449 625 2489 primum
630 2448 696 2480 Achasi
705 2457 778 2488 annum,
791 2449 834 2487 742;

92 2505 139 2537 unde
153 2505 253 2538 deducimur
269 2504 292 2537 ad
306 2505 387 2538 XXIIum
398 2505 485 2538 Manassis
501 2515 574 2545 annum,
590 2514 603 2537 s.
616 2504 655 2537 676.
681 2505 785 2538 Assentiunt
797 2505 836 2537 hnic

93 2562 158 2595 calculo
172 2562 276 2595 Iudaeorum
287 2562 393 2603 ,chronologi
407 2563 426 2595 in
439 2562 484 2595 libro
496 2561 551 2595 Seder
563 2560 623 2602 Olanr,
639 2566 676 2594 tum
690 2572 732 2594 vero
745 2561 836 2603 Ussaams,

93 2629 114 2651 nn
126 2619 226 2660 Vrcuomus,
238 2619 317 2660 uanius,
329 2619 487 2652 Hurssrunusneius
499 2618 640 2660 (cmtst01.1‚b‚
649 2618 680 2659 56,
694 2618 747 2652 Beitr.
758 2619 777 2659 Ι,
790 2619 836 2660 177),

93 2676 216 2708 Dnncustunus
228 2676 262 2709 Ies.
274 2676 293 2717 I,
305 2688 321 2718 p.
334 2678 376 2717 280,
388 2677 416 2709 all.
436 2675 469 2715 Qui
480 2675 502 2708 de
508 2676 567 2709 ΙΙΙΙῐ110
574 2675 661 2708 Manassis
674 2685 719 2709 anno
732 2680 836 2720 cogitarunt,

94 2735 115 2766 iis
134 2738 179 2765 recte
198 2733 262 2765 dudum
280 2733 369 2775 respondit
384 2733 399 2766 Ι.
412 2734 434 2766 Η.
447 2733 540 2766 Mmusatrs
556 2732 621 2773 (annot.
641 2733 696 2765 uberi.
716 2735 739 2767 ad
755 2735 836 2767 dPural.

94 2790 185 2830 XXXIII,
197 2789 235 2831 11),
251 2791 362 2832 „conrplures
378 2800 433 2823 annos
449 2789 560 2832 designandis
574 2794 600 2823 tut
615 2790 721 2825 facinoribus
740 2793 836 2832 transiisse,

94 2848 194 2890 praesertim
206 2857 245 2881 cum
256 2847 309 2879 etiam
320 2848 384 2880 liberos
397 2858 436 2880 suos
448 2847 499 2880 idolis
506 2848 605 2881 immolasse
615 2847 704 2890 dicatur3“
717 2854 736 2887 ut
744 2854 837 2889 taceamus,

94 2906 180 2947 Assyrios.
189 2914 209 2937 eo
222 2909 298 2946 tempore
310 2914 345 2936 non
357 2905 434 2946 tetigisse
446 2904 568 2938 Palaestinam.
