1889 3264
140 162 193 191 111111
384 153 548 193 Puornoonum.
568 153 616 193 Car.
629 156 646 193 I.

186 278 206 329 9)
218 276 263 326 Quo
276 276 362 326 aceedit,
375 278 429 329 quod
440 277 540 317 vindictae
552 278 576 316 de
588 278 679 329 Assyriis
691 281 798 320 sumendae
809 281 881 320 iustru-

140 351 207 384 meuta
217 345 272 384 nulio
285 345 345 383 modo
357 359 394 384 nec
405 347 533 384 nominantur
544 359 607 396 neque
622 346 690 396 aliquo
706 348 836 398 indignantur
852 350 881 386 in·

141 413 203 460 dici03
215 414 254 451 boc
265 414 330 453 solum
341 414 419 453 videtur
431 414 518 462 moneri,
531 427 571 451 non
582 415 607 451 ab
621 415 740 465 Aegyptiis¹
751 415 827 454 Ninum
838 417 882 454 fore

141 494 237 520 eversam,
271 481 299 520 Et
311 495 355 520 cum
367 496 391 521 ea
401 482 443 521 fere
455 481 596 520 consuetudine
608 494 675 521 omnes
688 482 780 533 deinceps
796 485 881 533 prophe-

140 556 173 588 tae
185 549 334 598 contineantur,
351 555 374 588 ut
390 562 429 600 quo
446 550 528 600 propius
544 549 611 588 absint
625 550 650 588 ab
663 551 766 590 eventibus
777 550 881 589 vaticinio-

140 630 196 666 rum,
214 630 237 656 eo
256 617 368 656 distinctius
386 623 446 669 atque
458 617 582 668 expressius,
599 617 658 656 sicuti
670 618 747 667 omnia,
764 619 794 656 ita
808 619 881 657 instru-

140 691 208 724 menta
220 698 299 737 quoque
311 685 390 724 divinae
401 685 511 724 voluntatis
523 685 646 734 describant,
663 699 703 724 non
718 693 791 725 temere
803 686 881 725 conclu-

141 754 219 801 demus,
235 752 323 791 Nahumi
340 753 442 791 oraculum
458 753 507 792 satis
524 753 558 791 diu
574 766 618 792 esse
634 755 758 793 enuntiatum
775 760 880 806 antequam

140 822 233 860 eveniret.
250 820 310 859 Hauc
325 825 390 859 autem
405 822 503 859 rationem
521 821 570 861 satis
585 833 667 872 gravem
682 823 741 873 plane
753 823 882 874 neglexerunt

139 889 245 927 Ervnuuus
262 894 282 927 et
293 888 414 937 Hrrzrerus,
432 890 478 940 qui,
495 898 591 940 (plantum
606 895 675 940 posset
690 891 733 928 fieri
748 891 840 940 proxime
856 890 881 927 ab

141 961 213 995 eventu
233 957 364 995 constiterunt
370 970 376 1004 ;
397 970 482 1007 quorum
502 958 620 997 sententiam
639 958 684 996 ideo
704 971 783 1009 quoque
799 970 881 1008 prorsus

140 1024 294 1074 improbandam
306 1037 417 1073 censemus,
434 1026 489 1077 quod
504 1026 603 1063 humanae
618 1027 670 1065 vatis
685 1027 745 1065 menti
762 1032 822 1077 atque
834 1025 881 1063 deli·

140 1092 238 1130 berationi
250 1092 332 1130 nimium
341 1093 439 1140 tribuunt3
452 1093 473 1131 id
486 1094 540 1143 cpuod
552 1094 653 1143 expressis
664 1094 754 1132 Eumnur
764 1093 831 1132 verbis
842 1093 881 1131 illis

141 1160 295 1210 comprobatur,
312 1161 385 1211 quibus
397 1161 552 1210 disputationem
565 1173 621 1199 suam
632 1161 743 1200 inchoavit:
759 1161 805 1209 „die
816 1160 882 1198 Weis-

142 1239 220 1278 sagung
228 1240 293 1267 muss
303 1228 364 1266 durch
372 1228 409 1266 den
416 1228 530 1278 Kriegszug
538 1229 647 1278 mdcbtiger
655 1229 731 1267 Feinde
740 1241 801 1279 gegen
807 1227 882 1266 Ninive

141 1296 253 1334 veranlasst
265 1296 337 1344 seiu;“
350 1308 374 1334 ac
384 1295 431 1334 iicet
443 1296 551 1334 addiderit:
564 1295 609 1344 „die
617 1294 773 1347 Scbiiderungen
784 1309 823 1334 von
831 1296 881 1333 Ero-

141 1364 217 1413 berung
228 1363 269 1401 und
280 1364 410 1414 Pidnderung
421 1363 514 1402 Nineve's
527 1363 571 1402 sind
583 1377 644 1411 zwar,
662 1377 685 1402 so
697 1364 735 1402 uie
747 1365 775 1402 sie
786 1363 829 1401 hier
841 1369 882 1400 ent-

141 1432 218 1470 worfen
229 1431 319 1480 werden,
333 1443 376 1470 aus
388 1431 442 1469 rein
454 1431 655 1482 prophetiseher
666 1432 838 1481 Anschauung
849 1443 882 1481 ge-

140 1499 233 1537 flossen“
245 1521 270 1527 —
282 1504 349 1537 tamen
360 1499 391 1547 id,
404 1500 459 1550 quod
470 1500 551 1549 proprie
563 1499 601 1537 dici
613 1499 671 1537 debet
679 1499 826 1549 propheticum,
838 1498 882 1535 fun-

141 1566 194 1605 ditus
210 1566 299 1615 sustulit,
318 1579 362 1604 oum
377 1572 513 1605 asseveraret:
535 1566 610 1614 „ailein
626 1566 689 1605 soviel
704 1567 756 1616 zeigt
774 1565 805 1604 die
820 1578 882 1616 ganne

140 1633 232 1684 Haltung
247 1634 282 1672 der
293 1634 437 1684 Weissagung,
454 1635 500 1673 dass
517 1634 547 1672 ein
564 1634 674 1672 drohender
690 1633 803 1684 Kriegszug
820 1645 882 1683 gagen

139 1701 213 1741 Ninive
224 1702 326 1741 bereits
337 1702 364 1739 iu
375 1701 626 1752 vollerThdtigkeit
636 1714 697 1750 war,
710 1702 757 1740 dass
766 1702 798 1738 die
807 1699 881 1739 Grenz-

139 1770 245 1820 festungen
260 1770 322 1808 sebon
341 1769 431 1817 sieten,
448 1775 473 1808 ct.
486 1775 522 1817 ct,
538 1769 579 1806 und
596 1782 642 1807 nur
658 1769 690 1807 die
706 1770 755 1816 Art,
773 1768 811 1807 wie
828 1767 881 1806 diese

140 1838 239 1877 sicbtbare
251 1836 328 1876 Get'ahr
339 1838 367 1875 im
378 1837 504 1876 Verhdltniss
520 1850 544 1875 zu
560 1836 597 1874 den
609 1836 685 1887 evvigen
696 1836 826 1875 Wahrheiteu
838 1835 881 1872 auf-

139 1905 216 1957 gefasst
230 1905 293 1954 wird,
314 1906 341 1944 ist
361 1905 397 1944 das
415 1905 519 1956 cigentlich
534 1904 699 1955 Prophetisehe.“
722 1904 777 1954 Ergo
793 1902 883 1942 Nahumi

139 1973 254 2012 vaticinium
272 1986 312 2011 non
329 1972 407 2012 videtur
423 1986 435 2011 a
450 1974 528 2012 visione
543 1973 672 2022 repetendum
689 1972 783 2010 divinitus
795 1971 882 2009 excitata

139 2046 200 2092 atque
210 2041 314 2079 moderata
323 2039 369 2090 (cfr.
381 2041 424 2090 1,1
443 2049 493 2091 11111
514 2038 575 2094 πῶϋ),
588 2040 623 2079 sed
634 2040 684 2078 nihil
696 2044 726 2079 est
738 2050 882 2090 quam—car-

139 2121 184 2148 men
196 2109 324 2148 didacticum!
336 2131 361 2136 —

172 2177 216 2216 Iam
236 2189 283 2216 vero
305 2176 401 2226 temporis
421 2176 498 2214 notatio
515 2175 562 2224 illa,
584 2189 643 2227 quam
659 2175 718 2213 modo
736 2174 882 2224 indagavimus,

139 2250 263 2296 quantopere
274 2257 318 2283 eum
329 2244 423 2283 universa
433 2244 523 2283 vaticinii
534 2244 601 2282 indole
611 2244 714 2292 concinat,
732 2242 835 2281 confestim
848 2253 882 2291 ap-

138 2313 227 2363 parebit,
240 2312 274 2351 ubi
285 2326 351 2351 rerum
358 2312 485 2352 Iudaicarum
497 2317 570 2351 statum
582 2317 643 2363 atque
654 2310 788 2350 conditionem
801 2309 882 2360 diiigen-

140 2380 178 2419 tius
190 2380 359 2430 descripserimus.

173 2510 191 2551 1)
206 2510 307 2543 Thebarum
318 2510 433 2552 expugnatio,
449 2508 485 2551 111,
498 2520 513 2542 v.
523 2510 586 2542 8-10
601 2511 744 2549 commemorata,
761 2507 783 2541 ad
799 2506 882 2549 indagan-

139 2567 179 2600 dam
186 2567 264 2600 Nahumi
276 2570 352 2600 aetatem
364 2566 407 2598 nihil
419 2567 504 2608 pertinere
516 2570 582 2609 potest,
595 2567 648 2600 missa
657 2566 702 2599 euim
710 2567 823 2608 interpretum
831 2565 882 2606 longe

139 2625 250 2667 plurimorum
262 2624 353 2667 opinione,
365 2632 400 2655 non
412 2627 537 2665 praeteractam
550 2625 625 2666 aliquam
638 2623 697 2656 afferri
707 2623 782 2664 cladem,
795 2623 826 2655 sed
833 2631 882 2664 prae-

139 2680 172 2714 dici
184 2681 259 2714 futuram
271 2681 398 2722 existimamus,
411 2679 429 2712 id
441 2681 488 2722 quod
499 2681 589 2714 luculentis
602 2681 707 2724 argumentis
719 2680 839 2724 comprobasse
851 2687 882 2710 no-

138 2738 164 2770 bis
176 2737 254 2772 uldemur
267 2749 282 2781 p.
289 2739 382 2772 98—102.
