1889 3264
371 162 470 212 otum,
483 177 502 202 v.
513 167 540 202 ro.
783 157 830 204 119

85 300 176 340 pugnare
193 287 257 338 probe
274 286 422 338 perspexisset,
449 286 504 326 nullo
529 287 609 339 negotio
635 286 734 325 correxit:
755 279 832 341 ηῑξξῃ

85 358 106 408 *2)
118 356 154 395 alii
166 356 236 395 deinde
247 368 353 406 perperam
366 355 439 394 collato
451 358 492 394 v.4
503 356 600 405 Assyrios
611 356 657 394 ideo
670 353 770 404 appellari
780 340 833 392 mer-

50 466 51 469 ,
86 430 164 463 catores
174 423 320 471 existimarunt,
329 423 377 474 qnia
388 429 457 474 gentes
473 422 603 462 vendiderunt
617 422 784 462 fornicationibus
794 428 831 469 ct.;

85 493 106 544 3)
118 498 231 543 postremo,
248 498 270 531 ut
285 492 336 530 alios
351 496 511 542 praetereamus,
527 489 801 557 Suassrrrnnrus¹jquoniam
811 503 831 528 v.

86 557 122 601 bin
133 560 233 598 interdum
245 564 275 598 est
287 559 400 609 explorare,
416 558 555 610 exploratores
570 558 712 610 intelligendos
723 558 832 608 proponit:

86 627 192 676 „schiclrst
203 628 230 666 du
241 627 291 666 auch
303 627 355 665 noch
364 640 387 666 so
396 626 447 667 viele
455 626 605 666 Kundschafter
613 640 662 676 aus,
674 640 709 665 um
717 625 750 665 die
757 624 832 666 Stdrlre

86 696 121 733 der
132 695 252 734 feindlichen
263 694 329 733 Heere
340 708 365 733 zu
377 695 479 743 erfahren,
491 695 533 733 und
544 695 622 734 danach
634 695 692 733 deine
704 693 832 745 Gegenwehr

85 777 110 802 zu
121 764 241 802 berechnen:
264 776 285 802 es
301 763 347 801 hilft
362 763 393 802 dir
408 763 485 812 nichts,
502 763 537 801 der
548 762 611 802 Feind
627 764 693 802 bricht
707 763 744 802 auf
759 761 832 800 einmal

85 831 116 870 los
127 832 169 869 und
180 832 258 882 sohltigt
270 831 314 870 dein
325 832 388 882 feiges
399 831 453 870 Heer
465 831 557 881 ganzlich
573 831 678 879 zuriiek;“
694 844 755 882 quam
770 829 831 868 inter-

84 899 217 950 pretationem
229 899 308 950 longius
320 900 390 938 abesse
402 912 414 937 a
426 898 524 938 sententia
535 899 599 947 vatis,
615 899 660 950 ipse
671 904 775 938 assecutus
787 911 832 938 esse

85 967 175 1016 videtur,
188 980 232 1005 cunr
244 968 312 1006 statim
324 967 428 1016 adiiceret,
441 967 501 1006 malle
512 980 534 1006 se
546 972 612 1006 tamen
623 968 690 1018 legere
701 962 769 1020 arbja..

66 1062 75 1099 y
120 1036 148 1075 Ar
159 1048 207 1074 vero
220 1035 287 1074 onmia
299 1036 347 1074 haec
358 1034 503 1085 interpretandi
515 1040 535 1074 et
551 1035 664 1086 corrigendi
680 1022 754 1086 genera
771 1047 831 1086 quam

86 1103 126 1142 sint
136 1103 213 1152 futilia,
226 1103 285 1142 facile
296 1103 423 1154 intelligitur,
436 1104 471 1142 ubi
479 1109 605 1153 reputamus,
618 1104 757 1143 commercium
765 1104 831 1154 Assy-

84 1171 161 1210 riorum
173 1172 243 1222 quanti
259 1172 285 1212 sit
299 1172 424 1220 habendum,
442 1172 521 1211 etiarnsi
532 1176 621 1211 veterum
633 1172 718 1223 scripta,
734 1172 769 1210 diu
783 1176 832 1221 post

85 1252 175 1279 eversam
184 1239 260 1279 Ninum
275 1239 386 1290 composita
397 1240 442 1289 illa,
454 1239 576 1290 paucissima
587 1244 665 1278 tantum
676 1240 698 1278 in
709 1240 748 1278 hoc
758 1252 831 1292 genere

85 1307 209 1347 tradiderint.
228 1308 400 1347 Considerandum
414 1315 444 1347 est
459 1308 521 1356 enim,
537 1307 614 1346 Ninum
629 1308 664 1357 „in
682 1307 755 1346 vertice
773 1307 831 1358 quasi

85 1375 153 1426 anguli
164 1376 252 1426 positam
264 1376 336 1424 fuisse,
348 1376 369 1414 in
382 1389 440 1427 quem
451 1376 524 1415 itinera
536 1381 555 1414 et
566 1375 669 1414 meridiem
679 1380 700 1414 et
708 1376 831 1414 occidentem

84 1443 196 1494 spectantia
207 1444 352 1492 conveniunt,“
364 1457 437 1495 magua
448 1444 484 1483 illa
494 1444 577 1495 inquam
587 1443 660 1483 itinera
665 1443 679 1493 2,
695 1443 768 1495 quibus
779 1456 831 1482 mer-

84 1523 117 1550 ces
129 1517 149 1550 et
161 1513 260 1551 exercitus
271 1525 308 1562 per
324 1512 441 1563 praecipuas
453 1512 516 1552 Asiae
530 1517 599 1563 partes
617 1512 779 1550 conducebantur
783 1525 789 1559 ;
807 1523 831 1550 ao

84 1580 202 1630 praesertim
224 1580 259 1628 iis,
285 1579 319 1631 qui
345 1593 370 1618 ex
389 1580 440 1619 Asia
463 1580 541 1619 minore
565 1586 584 1619 et
603 1580 713 1618 Phoenicia
728 1578 829 1631 Syriaque

85 1652 105 1685 et
116 1648 210 1698 Aegypto
222 1647 243 1686 in
255 1648 346 1687 Persian]
362 1653 382 1686 et
392 1648 479 1687 Mediam
498 1660 616 1699 omnemque
628 1648 699 1687 Asiam
714 1648 829 1686 interiorem

84 1716 201 1763 tendebant,
216 1715 293 1754 Ninum
310 1713 503 1763 commodissimum,
524 1729 549 1754 ne
565 1717 630 1755 dicam
644 1716 724 1764 unicum
739 1715 829 1767 Tigridis

84 1783 201 1833 praebuisse
212 1782 337 1831 traiectum³;
353 1784 405 1822 unde
420 1784 475 1822 haud
486 1790 559 1823 temere
571 1783 706 1823 concludendo
719 1783 829 1831 coniicitur,

86 1850 174 1889 omniurn
188 1851 267 1889 illarum
284 1852 387 1902 regionum
402 1864 477 1891 merces
489 1856 509 1891 et
525 1852 675 1891 manufacturas
692 1851 769 1890 Ninum
784 1864 831 1901 per-

85 1931 163 1958 measse
175 1931 238 1971 coque
250 1920 308 1971 quasi
318 1919 339 1957 in
351 1920 438 1958 medinm
451 1920 549 1970 quendam
560 1920 626 1958 locum
635 1920 698 1959 fuisse
706 1917 831 1970 congestas&

85 1985 130 2035 Quo
143 1987 194 2025 adde
206 1988 260 2039 quod
272 1987 399 2026 celeberrima
410 1986 569 2038 Babyloniorum
581 1986 722 2037 commercia⁵,
735 1987 832 2039 quamdiu

85 2055 169 2094 subiecti
185 2055 265 2095 fuerunt
280 2056 382 2107 Assyriis,
401 2056 427 2094 ad
441 2061 501 2107 caput
516 2056 572 2107 regni
589 2069 712 2108 magnopere
727 2056 832 2095 debuerint

84 2124 188 2175 pertinere.
207 2124 253 2174 Qua
264 2137 290 2163 ex
302 2124 452 2175 opportunitate
465 2131 484 2163 et
495 2130 568 2164 natura
578 2125 670 2164 locorum
679 2137 723 2163 cum
735 2124 785 2163 satis
797 2136 831 2163 co-

84 2192 143 2243 piosa
154 2193 286 2243 Assyriorum
302 2192 412 2244 negotiatio
428 2193 521 2232 videatur
535 2198 613 2245 patere,
632 2206 657 2232 ex
673 2193 784 2232 Ezechielis
799 2193 830 2232 in-

120 2381 136 2422 1)
148 2380 221 2414 Studien
232 2391 249 2412 u.
261 2380 343 2413 Kritiken
355 2381 408 2423 1835,
421 2380 441 2423 1,
454 2393 470 2425 p.
480 2382 513 2416 155
520 2391 542 2415 ss.

120 2441 137 2481 2)
150 2439 185 2472 Cfr.
197 2439 282 2472 Hnnuumr
293 2438 348 2471 Ideen
359 2443 381 2471 ct.
394 2439 414 2480 I,
426 2439 446 2481 b,
459 2450 475 2482 p
484 2439 518 2473 517
527 2448 549 2472 ss.
562 2437 622 2471 Tucun
634 2448 695 2472 comm.
708 2450 720 2472 s.
729 2439 741 2472 1.
753 2440 798 2483 p.3l
808 2449 829 2473 ss.

84 2495 142 2530 Gossn
154 2497 229 2536 Assyria
239 2506 256 2537 p.
265 2496 298 2529 581
307 2505 330 2528 ss,
366 2527 368 2531 Α

118 2554 136 2595 3)
148 2551 184 2584 Cir.
196 2552 251 2585 Tuon.
263 2554 275 2586 1.
283 2554 295 2586 1.
307 2565 324 2596 p.
333 2554 361 2586 32.
373 2553 401 2586 33.

117 2610 135 2651 4)
147 2607 233 2651 Quicquid
251 2610 330 2643 concludi
347 2610 388 2643 inde
406 2613 471 2651 potest,
490 2609 576 2642 uberrime
593 2610 683 2653 proposuit
699 2608 771 2643 Gossns
789 2608 801 2640 1.
817 2608 829 2640 l.

83 2678 100 2710 p,
109 2667 142 2700 590
151 2676 174 2700 ss.
185 2666 274 2698 Videntur
286 2668 356 2699 omnino
369 2676 390 2698 ea
401 2666 500 2707 commoda,
513 2677 557 2708 quae
568 2671 630 2709 postea
642 2667 664 2699 ad
675 2671 753 2699 nostram
765 2675 830 2698 memo·

84 2724 127 2755 riam
142 2732 196 2765 usque
208 2722 299 2756 Mossnlae
313 2723 373 2755 incolis
390 2733 412 2755 eu
427 2724 498 2766 egregia
512 2723 546 2757 loci
561 2725 690 2766 opportunitate
703 2722 830 2763 redundabant,

83 2782 144 2814 omnia
155 2781 208 2813 etiam
220 2780 242 2813 ad
254 2781 319 2814 Ninum
332 2780 378 2812 haud
390 2786 455 2814 temere
466 2780 536 2822 referri3
548 2781 578 2813 cfr.
591 2781 645 2815 Tuon.
657 2782 689 2815 tl.
702 2792 718 2823 p.
727 2781 754 2814 33.
767 2780 829 2814 Rrrrnn

77 2838 178 2885 yErdlmnde
186 2839 223 2878 XI,
235 2849 251 2880 p.
259 2839 322 2871 ttoss.
334 2839 367 2870 208
377 2848 399 2871 ss.

77 2886 86 2913 ξ
119 2895 136 2936 ὁ)
147 2895 182 2929 Gfr.
195 2896 278 2928 Haunnru
290 2895 343 2929 Idcen
356 2899 376 2929 ct,
389 2896 407 2937 I,
420 2895 440 2936 b,
453 2906 468 2937 p.
478 2896 510 2929 128
518 2896 583 2928 -113,
