1889 3264
147 173 184 200 xrr
387 160 551 198 Pnouucormra.
570 159 619 198 cir.
632 159 648 198 Ι.

149 286 199 324 saris
211 283 338 334 expeditione
349 289 473 333 praeteracta
485 289 531 323 ante
538 283 643 323 Sanheribi
654 282 740 332 cladem,
753 285 771 322 si
779 296 819 322 non
827 290 889 323 totum

149 351 262 398 oraculum,
280 351 366 401 primum
377 356 443 390 tamen
456 358 515 402 caput
527 353 600 390 editum
613 364 656 390 esse
668 351 816 400 existimarunt,
832 353 890 390 Hun-

149 430 206 467 rrus,
216 418 611 467 1111111111111111,81111111,
621 418 742 457 Lranrroor
749 418 890 470 (chronicam

149 487 184 525 alii
197 500 255 524 omne
266 487 381 525 vaticinium
394 500 416 525 eo
433 488 552 534 retulerunt,
569 500 609 538 quo
626 486 656 524 illi
672 499 687 524 o.
699 485 720 523 Π
732 490 751 523 11
762 485 803 533 lll,
821 499 892 536 nempe

150 555 176 593 ad
191 567 225 593 eos
242 567 317 602 annos,
339 555 373 605 qni
390 553 495 593 Sanlreribi
514 555 590 592 cladem
608 560 628 592 et
644 559 744 604 receptum
764 559 891 603 exceperunt,

150 623 256 661 Vrranvcn
267 622 318 672 (typ.
328 622 390 659 doctr.
400 623 488 673 propia),
499 621 596 669 Clarius,
605 621 746 669 Cunrzovrns,
756 621 891 667 Banrrronnr,

150 701 179 727 11
191 690 303 737 WmeS,
317 688 445 737 (inarmans,
457 689 590 736 Krossamns,
602 688 744 737 pararemus,
760 689 893 734 Kousranns,

151 757 331 795 Hnnvunnrcnrns.
343 756 444 794 —Porro
457 756 618 796 luculentissimis
631 757 751 806 argumentis
762 755 893 794 Manassis

153 830 238 863 aetatem
249 824 343 872 indicari,
356 824 420 874 probe
431 830 453 862 nt
464 825 523 863 nobis
536 824 613 875 quidem
626 836 742 874 persuasum
752 829 791 871 est,
804 823 893 873 plerique

152 892 294 930 intellexerunt
304 891 381 930 Iudae
388 905 457 930 orum
468 891 569 943 magistri,
582 891 644 930 secuti
653 891 770 929 sententiam
779 891 800 928 in
810 891 823 928 l.
833 889 894 930 Seder-

154 959 215 998 Olam
225 972 341 1009 expressam
351 959 380 1009 (p.
389 961 418 997 55.
429 962 461 997 105
471 960 501 998 ed.
510 960 603 1011 Marna),
612 973 631 997 v.
641 972 657 997 c.
667 959 750 1006 Inueni,
759 959 893 1005 narramur,

154 1026 214 1065 Gara
226 1027 321 1077 (Zemach
332 1027 400 1065 David
413 1028 443 1065 ed.
456 1027 582 1077 Vonsrrus);
599 1039 684 1078 quorum
699 1026 790 1076 partibus
808 1038 894 1064 accesse-

153 1099 200 1131 runt
220 1093 243 1130 L.
261 1093 380 1140 Uitruuius,
401 1094 522 1141 Varamos,
543 1094 640 1141 Inrrnrns,
662 1093 779 1140 Grrumns,
800 1106 836 1130 nec
855 1106 894 1130 non

153 1161 294 1208 Kurrrsums,
308 1161 342 1211 qui
351 1161 434 1199 definitis
445 1161 509 1200 verbis
519 1161 637 1199 declaravit:
647 1161 742 1210 „qnando
751 1161 792 1198 iam
800 1160 821 1197 in
833 1160 895 1210 capti-

155 1229 238 1267 vitatem
250 1228 347 1266 abductus
362 1228 536 1267 fuitManasses.“
549 1228 627 1266 -lam
642 1233 665 1265 ut
680 1227 803 1266 continuetur
819 1233 896 1265 sentcn-

155 1295 229 1333 tiarum
245 1300 373 1345 conspectus,
393 1296 477 1345 propius
497 1296 522 1334 ad
542 1301 632 1333 eventum
649 1295 738 1333 vaticinii
755 1296 897 1333 descenderunt

155 1363 260 1402 Evvnnnus
277 1369 297 1400 et
307 1362 430 1411 Hrrzrcrus,
449 1376 493 1401 cum
509 1363 542 1400 ille
553 1362 658 1401 Phraortis
673 1375 800 1413 aggressum,
816 1362 849 1399 hie
861 1375 896 1412 op-

155 1430 297 1480 pugnationem
306 1429 355 1468 Nini
368 1431 454 1480 priorem
466 1443 479 1468 a
491 1429 584 1481 Oyaxare
595 1430 706 1468 institutam
718 1434 814 1480 tanquam
826 1443 895 1468 ansam

155 1497 245 1536 vaticinii
257 1497 403 1547 suspiciendam
424 1511 467 1536 esse
484 1497 604 1548 opinaretur.
631 1496 745 1548 Sequuntur
761 1497 897 1536 Tnnnnamus

118 1602 119 1605 ,
156 1569 176 1602 11
186 1564 268 1611 lunius,
282 1565 407 1614 quilosiae
417 1570 501 1603 aetatem
511 1564 549 1603 sibi
559 1564 682 1613 delegerunt3
691 1564 771 1615 longius
781 1565 839 1602 etiam
848 1564 898 1603 abiit

129 1663 134 1669 .
156 1631 265 1678 Cocceius,
278 1632 309 1669 cui
320 1632 446 1670 Ioiakimo
458 1645 505 1683 rege
516 1632 631 1670 vaticinium
641 1633 745 1671 ridebatur·
754 1633 887 1683 conscriptum
891 1647 897 1679 3

156 1704 176 1736 et
185 1698 316 1736 cirumruu
324 1702 501 1747 auarissimo-u,
515 1700 548 1750 qni
561 1712 583 1737 eo
596 1701 682 1738 excessit
692 1706 715 1737 ut
726 1698 821 1752 (Στρωμ.
831 1704 847 1747 1,
854 1700 897 1750 392)

157 1766 283 1803 Zedekiae
295 1771 432 1815 tempestatem
444 1766 529 1814 doceret,
542 1766 644 1816 superavit
655 1767 715 1805 etiam
723 1767 898 1815 Bounomoseui

158 1832 190 1870 vel
206 1833 312 1881 immensa,
330 1847 390 1884 quam
405 1839 567 1884 comparaverat,
584 1834 674 1872 doctrina
689 1847 729 1872 non
744 1835 830 1885 profuit,
850 1835 898 1885 quin

159 1900 250 1950 (Phaleg.
266 1914 286 1949 p.
297 1901 316 1951 6)
332 1901 436 1939 1111111111
453 1906 473 1939 11
487 1901 611 1939 Ezechielem
626 1902 681 1951 prius
697 1902 823 1951 praedicasse
839 1915 898 1952 quam

158 1966 273 2005 Nalrumnm
286 1968 412 2017 opinaretur,
425 1974 444 2007 et
456 1982 507 2019 quae
518 1968 547 2006 illi
560 1969 584 2006 de
593 1960 699 2019 Aegyptiis
708 1969 863 2017 nuntiavissent,
876 1983 899 2007 ea

160 2047 172 2072 a
183 2034 277 2072 Nahumo
290 2047 333 2073 esse
345 2037 462 2074 confirmata
473 2035 518 2085 (cfr.
532 2036 558 2074 ad
569 2036 609 2084 ΠΙ,
622 2039 633 2074 8
645 2049 671 2077 ss.
685 2048 730 2087 pag.
741 2038 789 2088 101).

194 2101 218 2139 Iu
234 2107 289 2139 tanto
305 2107 385 2153 tamque
401 2103 497 2154 singulari
512 2117 544 2142 vv.
557 2103 590 2141 dd,
607 2104 708 2152 dissensu,
725 2104 798 2155 quippe
815 2116 899 2154 quorum

161 2169 266 2219 opiniones
277 2170 323 2219 plus
335 2171 426 2209 trecentis
439 2171 531 2209 differant
542 2171 610 2218 annis,
622 2173 693 2209 mirum
703 2172 738 2210 vix
747 2173 821 2222 poterit
830 2172 899 2219 videri,

161 2237 216 2287 quod
226 2237 372 2276 Eronnonnrus
385 2239 409 2276 de
420 2243 486 2277 aetate
497 2238 549 2277 vatis
562 2238 675 2290 diligentins
687 2240 798 2277 definienda
808 2239 900 2288 despera-

161 2305 199 2351 vit,
213 2304 265 2358 ,nihil
282 2305 334 2342 enim
349 2318 386 2356 pro
403 2312 456 2344 certo
469 2307 568 2344 affirmare
580 2319 640 2345 ausus
652 2311 693 2354 est,
710 2320 768 2357 quam
785 2306 839 2357 quod
854 2311 901 2355 post

160 2372 246 2410 Iesaiam
262 2373 346 2420 vixerit3
366 2374 443 2424 reliqua
462 2375 528 2412 omnia
544 2373 654 2412 arbitrariis
671 2373 798 2423 opinionibus
813 2378 833 2410 et
848 2385 901 2411 com-

161 2438 233 2476 mentis
245 2439 375 2477 adscribenda
387 2453 436 2479 esse.
454 2440 499 2478 Nos
513 2453 560 2478 vero
576 2441 706 2490 interpretaur
722 2441 855 2491 discrepantia
866 2441 901 2479 illa

162 2519 203 2544 non
214 2507 353 2556 prohibemur,
370 2507 418 2557 quin
429 2507 556 2546 nihilominus
568 2520 604 2557 pro
617 2513 670 2545 certo
683 2507 778 2546 affirmari
790 2514 809 2546 et
821 2509 901 2546 demon-

163 2573 222 2611 strari
233 2586 300 2623 posse,
313 2587 352 2625 quo
365 2580 454 2625 ternpore
466 2575 583 2613 vaticinatus
592 2575 658 2623 fuerit,
671 2575 812 2615 existimemus.
829 2575 901 2626 Neque

163 2654 211 2678 vero
224 2641 287 2679 oleum
298 2648 318 2680 et
329 2655 410 2693 operam
423 2656 446 2680 eo
458 2642 575 2693 perdemus,
593 2643 646 2693 quod
663 2642 751 2693 singulas
767 2644 859 2694 deinceps
871 2644 901 2680 iu·

163 2713 270 2758 terpretnm
287 2711 394 2750 sententias
410 2717 430 2749 et
444 2715 561 2761 argumenta
576 2711 721 2760 examinemus,
739 2726 762 2751 ea
778 2710 901 2763 praesertim,

164 2788 216 2825 quac
228 2777 252 2814 ab
264 2777 427 2827 interpretatione
439 2792 479 2817 non
491 2783 553 2827 recte,
566 2783 587 2816 ut
598 2779 656 2819 nobis
669 2779 756 2828 videtur,
768 2779 860 2817 instituta
871 2791 902 2815 re-

164 2845 248 2893 petenda
261 2845 309 2893 sint,
323 2847 367 2897 sed,
380 2859 431 2899 quae
443 2847 468 2886 ad
481 2846 625 2898 indigitandam
636 2848 688 2888 vatis
701 2853 786 2887 aetatem
798 2846 902 2885 videantur
