1889 3264
118 147 149 192 68
392 149 440 189 Car.
450 151 480 200 H,
493 162 511 189 v.
523 154 587 190 ss-tt.

118 277 154 315 erit
166 281 222 314 retus
234 274 283 312 illud
296 273 345 313 artis
357 274 514 313 hermcncaticae
530 281 670 327 pracceptum,
688 277 742 326 quod
757 277 860 328 proprium

117 357 197 383 sensum
212 355 236 381 ao
250 342 347 381 literalem
363 349 417 381 arcte
432 345 538 381 tenendum
557 344 614 382 docet
630 356 695 394 neque
709 345 860 395 relinquendum

118 425 171 460 esse,
188 412 227 450 uisi
243 411 361 449 necessitate
373 416 460 461 urgente.
486 412 573 450 Gravius
586 412 638 449 enirn
651 424 710 462 sarram
722 412 772 450 alias
785 413 860 451 dissen-

118 480 169 518 tiunt
180 480 304 529 interpretes,
317 479 381 529 prinra
397 478 523 529 potissimum
540 481 601 518 rerba
616 485 682 517 utrum
697 480 781 530 proprio
801 494 860 519 sensu

118 548 234 598 accipienda
246 561 272 585 an
283 547 381 585 translato
393 546 508 595 videa-ntum
524 561 570 624 apem
587 548 611 585 de
626 548 689 586 altero
701 549 790 586 nrernbro
804 548 860 586 dubi-

118 616 157 654 tari
169 615 203 654 diu
215 627 254 653 non
266 627 336 664 posse,
348 620 420 665 postea
431 615 542 665 apparebit.
556 616 623 665 Atque
636 628 704 655 omnes
712 616 801 667 quidem,
809 628 861 666 quae

118 684 254 731 inreniuntnr,
271 682 415 741 interpretandi
430 683 517 721 rationes
535 689 576 722 tres
592 684 613 721 in
629 689 696 734 partes
719 683 859 732 describimus3

119 765 203 803 qumana
215 763 263 801 pars
274 751 339 800 prima
351 745 381 788 est
392 763 472 798 eorum,
490 751 524 801 qui
541 756 647 801 utramque
658 764 737 800 vocem,
755 756 825 802 portas
842 757 861 789 ct

120 820 201 866 fluvios,
213 818 294 869 proprie
306 817 429 869 intelligunt3
442 818 527 857 secunda
536 824 566 857 est
575 824 650 867 autern,
664 832 715 869 qrrae
725 819 807 858 alteram
816 824 860 857 tan-

118 886 221 926 tummodo
238 885 321 936 proprio
338 899 398 925 sensu
415 887 497 935 dictam,
517 886 600 925 alteram
617 899 653 936 per
669 887 777 936 imaginem
793 887 860 934 doeet3

119 956 178 993 tertio
190 955 235 993 loco
248 966 282 992 eos
294 954 432 1002 nominamus,
446 955 479 1005 qui
491 967 527 1005 per
539 967 616 993 onmem
629 954 783 992 enuntiationem
795 960 860 993 trans-

118 1023 181 1061 latum
193 1022 259 1061 valere
271 1034 350 1100 sopsum
362 1028 483 1060 asseverant.

155 1091 170 1128 I.
188 1091 219 1128 Ac
236 1089 321 1139 primum
337 1089 428 1139 quidem,
445 1089 462 1128 si
482 1084 563 1139 proprie
582 1090 705 1140 accipiuntur
723 1090 786 1128 verba
807 1099 861 1131 *arra

120 1168 209 1209 uranio,
222 1164 308 1208 possunt
320 1157 339 1208 l)
350 1163 440 1207 portae
452 1170 505 1205 esse,
515 1170 558 1207 per
568 1170 630 1208 (puras
639 1163 721 1196 meant
729 1157 817 1206 fluvii,
827 1171 861 1197 seu

120 1225 192 1277 quibus
204 1226 339 1273 continentur,
351 1226 365 1263 i.
375 1239 391 1263 e.
405 1225 536 1264 emissaria
548 1239 599 1277 quae
611 1226 682 1265 nimias
692 1238 755 1276 aquas
773 1226 798 1264 ab
813 1226 862 1264 urbe

120 1299 199 1341 arcent,
220 1293 249 1331 uti
270 1293 344 1343 placuit
363 1293 456 1341 Boario,
473 1293 582 1342 Varinio,
603 1293 742 1341 Kanunnrro,
763 1293 862 1333 Hrrzroro

120 1361 176 1411 (edit.
189 1361 216 1412 Ι.)
228 1360 282 1409 „Die
293 1361 434 1400 Wasserthorc
446 1361 490 1400 sind
502 1359 620 1400 Schleussen
667 1391 671 1400 .
680 1362 695 1400 'r
714 1362 759 1400 sind
772 1362 803 1400 die
815 1376 863 1400 vom

119 1428 188 1481 Tigris
202 1430 341 1479 ausgehenden
357 1430 517 1468 ooneentrischen
534 1428 619 1477 Canale,
637 1430 698 1467 durch
714 1430 789 1469 welche
806 1430 861 1468 nicht

120 1498 151 1535 die
162 1510 225 1548 ganne
237 1496 305 1545 Stadt,
321 1497 374 1535 wohl
387 1499 444 1544 aber,
462 1497 500 1535 wie
511 1510 582 1535 uasere
594 1496 655 1536 Stelle
666 1497 727 1547 zeigt,
744 1498 778 1535 der
790 1498 861 1536 Palast

120 1571 177 1603 unter
188 1565 272 1604 Wasser
283 1570 359 1615 gesetzt
369 1565 450 1603 werden
461 1565 537 1603 konnte
550 1594 554 1602 .
565 1593 569 1602 .
581 1593 599 1602 ..
616 1565 658 1602 Der
670 1565 817 1616 Konigspalast
827 1566 861 1616 lag

119 1633 283 1672 walnscheinlich
301 1645 333 1670 am
345 1633 412 1684 Tigris
428 1634 493 1671 selber
510 1633 540 1671 als
553 1633 700 1681 Wasserstadt,
718 1634 760 1671 eine
772 1633 862 1684 Festuug

119 1702 152 1739 fiir
167 1701 209 1739 sich
221 1701 311 1748 bildend,
331 1701 366 1738 auf
381 1701 455 1748 welche
474 1701 508 1738 der
524 1701 588 1739 Feind
607 1701 649 1739 sein
669 1701 861 1751 hauprsnehttehstes

120 1769 248 1819 Augenmerlr
264 1769 367 1806 r'iclrtete.“
392 1749 562 1817 (thoe-sententia
577 1781 600 1806 eo
613 1781 625 1805 a
637 1768 719 1819 reliquis
735 1769 864 1819 distinguitur

121 1837 221 1884 omnibus,
240 1837 294 1887 quod
310 1843 380 1886 portas
396 1836 422 1874 ad
433 1849 489 1875 suam
502 1835 635 1874 defensionem
648 1836 758 1886 augendam
775 1836 800 1874 ab
812 1836 863 1886 ipsis

120 1905 211 1955 Assyriis
219 1912 298 1953 apertas
308 1917 351 1943 esse
360 1904 424 1942 docet.
436 1904 510 1942 Verum
523 1904 538 1942 si
552 1904 577 1941 ad
589 1905 683 1942 obsessos
695 1916 737 1942 vox
748 1904 864 1954 pertineret,

120 1972 226 2011 seeundum
239 1972 352 2022 analogiam
364 1985 383 2010 v.
396 1965 422 2010 Gn
435 1974 474 2022 31.
484 1972 535 2021 plur.
547 1972 656 2021 legeretur,
669 1984 733 2022 neque
744 1984 790 2009 vero
803 1972 863 2022 sing,

120 2040 150 2078 uti
162 2053 223 2089 supra
235 2040 330 2086 vidinrus3
343 2040 413 2076 deinde
425 2040 488 2089 probe
499 2039 576 2076 monuit
586 2039 680 2077 Tnenrns
692 2039 705 2076 l.
715 2038 728 2076 l.
741 2052 760 2088 p.
771 2042 800 2086 613,
813 2052 865 2089 quae

120 2113 230 2158 sequantur
241 2120 274 2145 vv.
287 2109 304 2144 S.
317 2110 338 2153 a,
354 2119 378 2144 ea
393 2107 468 2144 factum
480 2107 556 2156 aliquid
568 2107 592 2144 ab
605 2106 697 2144 hostibus
715 2119 807 2156 arguere,
825 2120 865 2157 quo

120 2176 145 2213 de
161 2180 215 2213 sorte
229 2174 286 2212 urbis
304 2174 411 2212 decidatur.
435 2175 528 2221 Accedit,
549 2175 603 2225 quod
619 2174 702 2211 alterum
719 2187 787 2212 versus
804 2186 865 2212 mem-

120 2244 178 2281 brum
190 2242 272 2293 proprio
285 2254 345 2280 sensu
362 2242 436 2279 dictum
455 2255 498 2281 csse
516 2241 596 2279 omnino
615 2241 683 2292 nequit
700 2241 725 2279 ob
739 2241 865 2279 altitudinem

120 2311 251 2361 palatiorum,
263 2310 292 2348 uti
303 2310 356 2348 iufra
365 2310 489 2359 [ostendetur.
501 2309 548 2359 Ipse
560 2314 626 2347 autem
639 2308 750 2348 Hrrzrorus
762 2309 801 2347 alio
815 2322 865 2360 qao

121 2379 167 2417 dam
190 2378 317 2429 potissimum
340 2384 457 2430 argumento
474 2366 493 2416 'a
512 2378 596 2416 TUcnrO
617 2379 739 2428 exprobrato
756 2383 866 2418 commotas

122 2453 162 2496 est,
174 2453 197 2485 ut
208 2447 259 2485 hanc
271 2447 391 2498 relinqueret
402 2446 529 2494 sententiam,
545 2446 577 2485 cui
589 2446 686 2485 assentire
697 2446 804 2484 noluerim:
818 2459 866 2494 „so-

121 2517 162 2553 lum
173 2516 220 2553 inde
232 2529 244 2553 a
253 2515 335 2565 Tigride
347 2521 388 2553 tarn
401 2515 441 2553 alte
452 2515 553 2565 exsurgit,
565 2520 588 2553 ut
600 2514 679 2553 canales
692 2527 717 2552 ex
729 2528 787 2553 amne
797 2515 866 2553 ductos

122 2585 203 2622 omnino
216 2596 256 2622 non
268 2583 363 2634 patiatur.
387 2584 504 2622 Altissirnae
517 2583 569 2621 enim
578 2583 667 2633 Tigridis
679 2596 743 2634 acpuae
755 2596 795 2620 non
807 2583 867 2621 attin-

122 2659 172 2702 gunt
182 2651 233 2691 Nini
245 2665 312 2690 aream
324 2651 374 2702 (rid.
387 2651 449 2690 chr-r.
461 2651 570 2690 Narratire
581 2651 613 2699 H,
625 2665 645 2702 p.
654 2653 697 2704 35),
711 2664 770 2702 quam
786 2651 867 2701 insuper

120 2722 142 2758 in
152 2720 248 2758 orientem
258 2728 277 2758 et
285 2721 366 2758 boream
376 2733 445 2758 versus
454 2720 516 2758 inulto
525 2720 628 2757 editiorem
636 2720 679 2758 tieri
689 2732 750 2769 supra
758 2719 867 2758 ridirnus.“

121 2788 207 2837 Verum,
221 2788 290 2841 quidni
302 2802 327 2826 ex
337 2802 394 2827 arnne
403 2788 599 2839 Khosarpetuerunt
609 2788 705 2837 derivari,
720 2788 754 2839 qui
767 2788 792 2825 ab
803 2787 867 2824 orien-

122 2858 157 2896 tali
169 2859 231 2896 latere
244 2857 268 2896 ad
282 2857 421 2896 occidentalem
434 2857 499 2896 inedia
511 2857 590 2907 perfluit
602 2857 656 2896 urbis
673 2856 723 2895 Nini
739 2855 867 2903 mammeam,
