1889 3264
279 186 296 236 ξ.
309 189 325 225 5,
344 186 377 224 Da
389 198 455 225 nares
466 189 608 225 Assvnronmr.
704 210 706 213 >
747 198 815 226 mm

109 309 165 358 Quae
178 322 222 348 eum
233 310 262 349 ita
274 310 323 360 sint,
336 311 371 350 vix
382 311 419 359 iis,
432 324 483 361 (luae
494 325 526 350 vv.
539 311 571 350 dd.
583 311 613 349 illi
624 310 698 365 singuli
709 310 749 351 sibi
761 312 814 363 quis-

74 391 112 428 que
124 377 214 417 videntur
226 380 351 427 elaborasse,
367 378 416 417 fides
436 379 515 416 omniuo
532 379 569 416 erit
584 391 693 430 permagna
709 380 813 427 habenda3

73 459 138 496 neque
150 447 232 485 enimin
244 455 286 486 tam
296 448 372 485 incerto
384 451 445 496 atque
457 447 548 484 mutabili
559 446 620 485 totius
632 447 748 497 disciplinae
760 453 814 486 statu

75 514 181 565 quiequam
191 528 229 565 pro
243 521 296 552 certo
312 519 372 564 atque
384 514 490 563 explorato
506 519 573 563 potest
587 513 656 563 accipi.
673 516 702 552 At
717 528 764 553 vero
780 515 814 553 ubi

74 582 98 619 de
106 582 184 620 diverso
193 582 276 620 fiduciae
287 581 375 628 modulo,
389 594 439 631 quae
451 582 522 631 cuique
532 580 636 631 largienda
651 581 687 628 sit,
706 583 814 631 quaeritur,

73 649 121 686 nihil
133 649 254 699 reliquorum
269 648 423 687 detractabimus
434 648 559 696 auctoritati,
572 647 731 697 cumplurimum
740 649 814 687 tribua-

74 730 117 755 mus
127 716 289 764 thvvurrvserro,
302 716 376 767 quippe
388 717 422 768 qui
433 730 473 755 non
484 717 548 756 solum
558 716 656 755 ditissima
664 717 815 767 inscriptionum

74 785 191 823 collectione
206 784 319 823 sublevetur
335 790 395 836 atque
409 785 430 823 in
445 786 532 836 Assyria
551 785 669 836 antiquitate
690 785 816 835 exploranda

75 858 128 890 totus
141 857 239 900 versetur,
257 866 325 891 verum
337 854 406 901 etiam,
424 867 468 891 enm
484 854 518 891 alii
533 854 558 890 de
570 853 652 903 singulis
664 858 742 891 tantum
753 853 815 903 parti-

74 921 112 957 bus
125 932 171 958 snas
181 920 323 958 declaraverint
333 922 450 968 sententias,
463 922 469 958 i
471 934 507 970 pse
516 921 570 959 solus
577 921 619 957 fere
628 920 741 958 universam
749 934 816 958 rerum

74 987 205 1036 Assyriorum
216 988 321 1026 historiam
332 988 449 1037 complexus
464 988 536 1025 idoneo
555 992 661 1037 conspectu
677 989 815 1037 proposuerim

76 1067 100 1091 ac
111 1053 158 1092 licet
168 1054 190 1092 in
201 1055 302 1094 nonnullis
314 1056 373 1093 rebus
386 1056 504 1094 sententiam
515 1069 572 1095 suam
586 1055 732 1104 immutaverit,
751 1061 817 1094 tamen

76 1122 163 1161 maxime
174 1123 195 1161 in
207 1123 293 1161 animum
305 1124 403 1175 fidemque
411 1124 518 1175 legentium
527 1137 570 1163 sese
580 1123 682 1162 insinuare
694 1124 757 1172 valet,
770 1123 818 1176 quia

79 1197 132 1229 certa
143 1192 168 1229 ab
180 1191 261 1231 incertis
273 1198 314 1230 tam
326 1192 429 1242 distinguit
440 1193 484 1242 ipse
496 1206 556 1244 quam
567 1197 664 1243 perpetuo
678 1192 818 1243 distinguenda

78 1264 151 1296 monet.
174 1259 220 1298 Non
237 1260 304 1298 omnia
321 1265 386 1298 tamen
402 1262 444 1299 eius
459 1261 534 1310 placita
549 1261 618 1298 eodem
632 1260 749 1298 habebimus
765 1261 817 1307 loeo,

77 1327 112 1364 sed
124 1339 148 1364 ea
160 1339 248 1374 summo,
261 1341 312 1378 tynae
325 1328 409 1366 aliorum
422 1341 519 1366 consensu
531 1327 594 1378 tnagis
607 1328 666 1365 etiam
679 1327 818 1365 commendan-

77 1400 115 1431 tur.
128 1416 152 1421 —
164 1394 219 1444 Ergo
232 1408 275 1432 eam
287 1396 436 1442 auctoritatem,
449 1408 509 1445 quam
521 1395 628 1433 secundum
638 1399 693 1433 ratas
702 1394 818 1432 iideihisto-

77 1461 130 1498 ricae
146 1461 200 1511 leges
218 1462 330 1501 domesticis
350 1462 438 1512 gentium
458 1462 590 1501 monumentis
611 1461 698 1500 tribuere
717 1462 818 1509 debemus,

78 1528 166 1567 nondum
185 1529 210 1568 iis
226 1530 314 1569 valemus
334 1530 413 1581 largiri;
434 1531 463 1570 ita
479 1536 544 1569 autem
560 1537 637 1569 utemur
653 1530 688 1579 iis,
706 1535 727 1568 ut
745 1529 819 1568 indieia

78 1611 145 1636 eorum
157 1604 214 1647 grato
227 1599 292 1636 animo
308 1599 429 1648 accipiamus
446 1600 472 1637 ad
487 1598 636 1649 comprobanda
653 1604 672 1637 et
684 1598 819 1637 confirmanda

78 1679 112 1713 ea,
125 1679 176 1717 (puae
187 1665 266 1704 aliunde
278 1667 351 1704 dudum
362 1666 436 1704 fuerint
448 1667 589 1706 demonstrata.

111 1733 167 1771 Haec
179 1739 244 1771 autem
255 1734 307 1772 ratio
319 1734 358 1772 nisi
371 1734 394 1771 de
405 1734 568 1784 inscriptionibus
580 1746 621 1771 non
634 1733 696 1780 valet,
709 1745 755 1771 nam
768 1745 819 1783 quae

79 1813 104 1838 ex
116 1801 165 1850 ipsis
178 1801 290 1838 tabularum
301 1801 421 1851 imaginibus
434 1802 537 1851 diligenter
549 1800 600 1838 inter
612 1813 634 1838 se
646 1800 723 1838 collatis
739 1800 820 1837 videan-

79 1876 111 1904 tnr
122 1873 201 1917 patere,
214 1868 238 1906 iis
250 1880 290 1905 non
303 1873 333 1906 est
345 1868 450 1918 quominus
461 1868 543 1906 liberius
555 1873 640 1915 utamur,
652 1867 673 1905 id
687 1867 741 1919 quod
752 1867 774 1905 in
785 1879 820 1905 ex-

79 1935 176 1987 plicandis
188 1936 314 1986 potissimrun
325 1936 414 1975 Nahumi
426 1937 491 1975 verbis
504 1936 621 1986 saepissime
632 1935 754 1975 admisimus.

113 2005 156 2043 Iam
168 2018 215 2042 vero
228 2006 285 2043 sicuti
302 2005 382 2043 omnino
398 2005 420 2042 in
434 2005 515 2043 incertis
532 2005 591 2044 rebus
606 2005 702 2042 librorum
719 2017 822 2043 sacrorum

80 2074 116 2110 lux
128 2072 238 2111 certissima
250 2086 272 2110 eo
285 2073 370 2123 amplius
386 2073 437 2111 solet
452 2073 555 2123 splendere
567 2078 627 2123 atque
635 2074 720 2111 obscura
729 2072 774 2110 loca
782 2071 822 2109 col-

80 2141 178 2186 lustrare,
190 2141 220 2177 ita
232 2140 309 2178 etiamsi
321 2140 389 2179 divina
401 2154 468 2179 eornm
482 2140 560 2178 indoles
571 2140 726 2189 posthabeatur,
744 2139 775 2177 vel
787 2140 823 2176 hu-

81 2220 140 2244 mano
151 2208 194 2243 iure
204 2207 323 2256 gravissima
335 2213 390 2254 sunt,
409 2221 460 2258 quae
472 2209 496 2245 de
508 2208 639 2256 Assyriorum
650 2208 710 2244 rebus
722 2206 823 2252 exhibent,

82 2273 176 2325 quoniam
188 2279 222 2311 atrt
234 2274 295 2312 abiis
308 2279 391 2312 exarata
403 2282 459 2322 sunt,
478 2275 512 2326 qni
525 2286 574 2324 quas
587 2274 702 2312 describunt
712 2274 772 2312 rebus
784 2272 824 2323 ipsi

81 2342 217 2390 interfuerint,
234 2347 269 2381 aut
284 2355 310 2381 ex
326 2355 394 2381 eorum
410 2343 490 2392 scriptis
501 2343 555 2381 baud
566 2343 595 2380 ita
606 2342 669 2380 multo
681 2347 729 2392 post
741 2342 765 2379 ab
779 2341 823 2380 aliis

82 2411 174 2461 religiose
190 2411 282 2450 delibata.
301 2410 358 2459 Quae
373 2417 439 2450 autem
455 2411 484 2449 sie
500 2411 574 2449 tradita
589 2411 716 2460 accepimus,
737 2423 761 2447 eo
779 2414 826 2448 sunt

83 2479 180 2529 ampliore
195 2480 286 2518 habenda
297 2479 353 2526 loco,
371 2480 424 2530 quod
441 2479 465 2517 de
481 2479 557 2529 origine
568 2479 638 2528 populi
655 2485 674 2516 et
688 2478 758 2528 primis
770 2477 825 2527 regni

83 2546 144 2584 initiis
157 2547 205 2584 talia
216 2547 263 2586 inde
275 2548 375 2594 doeemur,
393 2548 461 2598 qualia
472 2560 512 2584 non
524 2547 633 2597 mythicam
644 2545 731 2584 indolem
743 2558 792 2594 prae
804 2557 826 2582 se

82 2615 158 2660 ferant,
170 2627 238 2652 verum
250 2616 276 2652 ad
288 2614 406 2664 exploratae
417 2614 513 2653 historiae
525 2613 642 2663 dignitatem
654 2619 674 2651 et
682 2612 780 2650 rationem
790 2624 825 2660 ap-

85 2791 141 2824 There
153 2790 193 2831 they
205 2789 237 2828 lie,
249 2789 263 2820 it
275 2790 289 2820 is
302 2789 349 2830 said,
361 2790 379 2821 in
391 2789 498 2832 huge'stoue
510 2789 624 2832 sankophagi,
636 2789 680 2821 with
688 2788 786 2832 pendemus
794 2787 828 2820 lids

85 2848 177 2882 decorated
188 2846 232 2880 with
243 2846 272 2877 the
284 2847 333 2886 royat
346 2851 445 2879 ornaments
458 2843 492 2880 and
505 2851 591 2889 eostume,
605 2848 641 2890 Just
653 2856 672 2880 as
685 2845 726 2887 they
739 2854 785 2878 urere
798 2844 827 2877 de·

85 2906 154 2947 pesited
166 2914 213 2953 more
225 2904 266 2936 than
279 2903 324 2937 0000
336 2913 386 2945 years
398 2904 448 2945 agofl
