1889 3264
347 161 396 201 Ora
408 162 448 209 III,
462 172 480 199 r.
490 164 507 200 5.
774 158 804 202 95

59 303 95 330 sua
107 293 179 328 exutos
190 289 211 327 in
224 288 339 328 servitutem
348 286 428 391 Tdegit
440 291 460 324 et
472 285 510 324 sibi
522 286 664 337 maneipavit.“
681 286 806 336 Expressarn

60 370 106 408 erge
119 370 138 394 v.
160 367 201 395 'vnn
219 357 316 394 habemus
333 367 356 392 cu
369 354 453 393 inlatam
468 353 577 403 privandae
592 354 691 393 libertatis
704 353 805 392 notionem

59 425 177 476 Unmnnrr.)¹
196 424 232 461 cfr.
247 424 283 462 Ps.
300 422 375 470 XLIV,
389 424 421 469 133
441 421 512 471 trag.
524 422 588 471 XXI,
606 425 635 461 20.
648 425 676 461 25.
694 421 805 460 Hrrzroms

28 478 29 481 Ἴ
60 499 81 532 ut
92 492 190 531 vendendi
201 496 322 541 potestatem
333 490 474 537 labefactaret,
492 489 584 529 debuisse
596 490 656 529 scribi
673 501 687 542 ξ
703 496 805 528 asseverat

59 574 123 612 neque
135 572 183 598 vero
196 560 248 609 '2133
263 564 284 597 at
296 559 427 597 scortationes
439 570 479 595 non
491 558 588 607 pretium,
605 559 640 597 sed
652 545 805 596 instrumentum

62 634 109 667 sunt
128 627 258 666 venditionis!
288 626 349 664 Haud
374 626 438 676 probe
457 625 587 664 Ilnnrnsnrus
611 626 724 664 venditione
748 627 806 664 sedu-

60 697 145 735 ctionem
161 696 187 733 ad
202 694 337 733 idololatriam
349 694 452 743 iutelligit,
472 706 512 743 qna.
523 693 598 732 factum
615 699 668 732 esset
679 700 701 733 ut
713 694 806 743 deceptae

60 769 129 814 gentes
144 776 221 813 poenae
238 762 316 801 divinae
333 762 378 800 loco
394 762 438 801 aliis
455 761 604 801 sulriicercntur.
616 785 641 790 -
657 772 734 801 anunm
748 761 807 799 farni-

61 832 107 869 liam
123 830 188 881 gentis
204 830 296 880 designat
312 829 363 869 Gen.
376 829 407 878 X,
421 831 449 867 18.
459 832 488 867 20.
500 832 533 876 313
551 828 610 868 Such.
622 829 675 877 XII,
688 831 709 866 12
722 842 761 876 ss,
777 830 806 867 in-

61 906 128 950 tegros
139 898 226 949 populos
238 899 276 937 ler.
288 898 350 946 VIII,
364 900 380 936 3.
397 897 465 946 XXV,
479 900 489 934 9
494 911 499 944 ;
516 897 552 935 Ez.
565 897 619 945 XX,
631 900 660 935 3⁴2.

411 1133 430 1157 r.
441 1120 457 1156 5.

93 1237 201 1276 Terrarum
217 1238 285 1276 orbem
302 1238 386 1276 subiecit
402 1236 441 1276 sibi
452 1237 527 1282 Assur3
544 1235 589 1286 (tals
602 1240 633 1275 est
649 1236 684 1287 qui
696 1236 804 1276 vindictam

60 1319 137 1345 sumere
150 1306 174 1343 de
185 1318 209 1343 ca
220 1306 299 1344 valeat?
311 1328 336 1333 -
348 1306 381 1344 Eu
392 1318 421 1342 rac
430 1305 457 1342 ad
467 1310 495 1352 tc,
513 1304 582 1342 allatura
593 1304 674 1342 Daradrai
686 1308 804 1352 exercituum,

61 1380 79 1411 at
92 1380 153 1422 retcyo
166 1380 250 1422 amaranto
262 1380 296 1411 raa
308 1385 364 1423 crearer
371 1374 443 1421 facicm
456 1379 519 1418 taam,
532 1378 549 1409 ct
560 1374 622 1410 cidara
630 1374 684 1420 facio
695 1379 758 1421 quates
768 1387 804 1423 pa-

61 1442 122 1479 daada
133 1448 167 1478 tac
179 1447 198 1479 ct
208 1454 267 1490 rayno
278 1443 400 1490 Iuridicialem
411 1447 468 1479 taam.
481 1450 526 1479 ³)an
542 1441 577 1478 cfr.
589 1441 620 1487 II,
629 1444 656 1478 14.
673 1439 753 1478 Nomen
762 1440 805 1478 Do-

60 1509 108 1546 mini
120 1509 242 1547 exercituum
255 1509 324 1548 eadem
336 1522 362 1547 ex
375 1522 446 1547 caussa
457 1509 490 1546 hie
500 1509 630 1558 proponitur,
648 1521 708 1558 quum
719 1509 806 1548 vidimus

61 1590 128 1627 supra.
146 1576 236 1615 Nimium
249 1582 315 1615 antem
328 1576 379 1615 vidit
389 1576 492 1625 Hirrum,
509 1589 553 1614 cnm
568 1576 618 1614 haec
633 1576 671 1614 sibi
682 1577 733 1614 velle
745 1578 807 1616 verba

62 1645 196 1691 existimaret,
210 1644 267 1694 „ipse
279 1645 305 1682 ad
317 1650 336 1683 te
347 1644 425 1683 veniam
437 1645 463 1682 ad
475 1650 494 1682 te
503 1645 669 1691 subvertendum,
682 1657 722 1682 non
729 1645 806 1682 mittam

61 1713 165 1762 angelum,
178 1724 219 1750 nen
231 1713 310 1750 credam
322 1713 367 1751 aliis
375 1712 479 1759 iudicinm3
486 1715 498 1734 ‘⁴
511 1712 551 1750 ime
561 1726 602 1750 rem
612 1725 649 1750 acu
656 1712 723 1763 tetigit
732 1712 807 1751 Orum-

61 1791 108 1828 Lns,
128 1781 162 1832 qui
179 1781 207 1819 sic
221 1780 373 1831 interpretatur:
390 1774 425 1820 ὅτι
443 1774 474 1832 ,ud
493 1774 552 1831 πρὸς
567 1770 691 1831 dvdocomov
709 1773 721 1819 d
741 1775 807 1833 λόγος

63 1839 130 1902 admi,
149 1841 206 1901 μήτε
221 1843 265 1902 μὴν
283 1841 295 1888 ὁ
315 1841 425 1898 πόλεμος,
444 1840 565 1901 &unanimae
586 1841 610 1885 dd
630 1844 717 1896 μᾶλλον
736 1841 747 1887 ὁ
763 1847 807 1887 τῶν

63 1908 175 1966 δυνάμεων
190 1909 266 1971 κύριος
284 1911 330 1954 κτλ.
349 1938 373 1943 -
389 1913 426 1956 aba
442 1915 476 1952 cfr.
488 1914 521 1962 II,
538 1918 554 1953 8.
574 1913 667 1954 Scortum
682 1916 764 1966 punitur
781 1918 806 1955 ad

62 1996 119 2022 snum
131 1984 233 2022 modulum
245 1989 265 2021 et
277 1983 336 2022 sicuti
348 1984 429 2021 meruit:
442 1983 462 2020 cf
473 2012 477 2020 .
490 1982 528 2020 les.
537 1982 629 2031 XLVII,
641 1987 661 2031 23
674 1984 725 2022 Hos.
738 1984 759 2022 II
766 2014 771 2032 ,
784 1986 806 2032 53

61 2051 97 2089 ΕΖ.
110 2052 171 2099 XVI,
187 2054 215 2089 36.
233 2050 319 2106 373¹Ier.
332 2051 394 2099 XIII,
412 2054 440 2089 22,
453 2053 487 2097 263
503 2052 568 2101 Apoo.
580 2050 617 2100 IV,
630 2055 658 2090 13.
677 2048 719 2095 'mvn
738 2065 806 2103 syrma

63 2119 98 2156 cfr.
110 2119 148 2157 Ies.
160 2119 200 2167 VI,
215 2122 236 2166 1;
248 2119 287 2156 Icr.
299 2119 362 2166 XIII,
375 2122 397 2157 22
409 2119 482 2170 legitur
496 2114 551 2168 Iam,
563 2119 652 2159 fimbrias
664 2133 705 2158 non
715 2126 807 2159 accurate

58 2185 97 2228 ,alii
108 2186 249 2225 intellexerunt
261 2186 296 2224 cfr.
310 2185 413 2225 Geussnr.
426 2201 446 2237 p.
456 2189 506 2225 1603.
528 2197 570 2228 inm
586 2199 665 2237 praeter
677 2188 730 2226 hunc
740 2189 807 2226 locum

61 2254 119 2292 unice
129 2254 214 2292 habetur
226 2253 295 2303 rneg.
306 2254 356 2303 VH,
365 2256 398 2302 36,
410 2254 445 2293 ubi
455 2255 554 2305 significat
563 2256 649 2305 spatium
658 2269 753 2305 vacuum,
766 2257 779 2294 i.
790 2269 806 2294 c.

62 2335 103 2360 non
118 2326 192 2360 tectum
207 2321 284 2373 aliquid
301 2335 336 2361 seu
351 2328 452 2372 apertum3
469 2322 515 2360 inde
529 2323 562 2360 hic
573 2341 595 2356 =
608 2333 667 2364 niun.
683 2321 725 2373 trba
738 2324 806 2362 eodem
835 2330 837 2332 ’

62 2390 122 2428 modo
135 2390 250 2440 oppositum
262 2404 281 2428 v.
302 2401 352 2430 *una
363 2390 414 2429 Hos.
427 2390 463 2438 IV,
476 2393 498 2437 ῖς
510 2390 589 2429 Habac.
603 2390 636 2438 II,
649 2393 671 2428 2ss
683 2391 715 2429 all.

97 2457 154 2506 Quae
165 2459 227 2497 verba
237 2458 272 2496 ubi
284 2471 423 2508 comparamus
440 2471 484 2496 cum
496 2458 534 2497 Ies.
547 2457 636 2506 XLVII,
648 2461 665 2496 2.
678 2461 689 2496 3
706 2465 725 2497 et
736 2459 807 2499 Ierem.
821 2502 823 2506 ¹

62 2525 125 2573 XIII,
137 2529 207 2563 22—26
223 2532 339 2564 concentum
353 2526 411 2564 'haud
421 2526 525 2564 fortuitum
536 2526 664 2577 reperiemus.
682 2527 720 2566 Ies.
734 2527 748 2565 l.
760 2527 774 2566 l.
787 2528 807 2565 in

62 2593 119 2632 initio
136 2594 207 2632 cantici
221 2594 275 2632 illius
293 2595 318 2632 de
333 2594 414 2632 interitu
426 2594 508 2633 Babelis
526 2595 555 2633 sic
566 2594 697 2633 vociferatur:
716 2596 808 2645 „depone

62 2662 140 2710 uelum,
160 2663 229 2712 detege
245 2674 307 2710 crus,
322 2663 356 2701 abi
371 2675 431 2712 snper
448 2662 530 2701 fluvios!
551 2662 655 2712 detegatur
674 2663 755 2702 nuditas
774 2670 809 2702 tna

63 2728 158 2781 (aaran),
175 2730 235 2767 eiam
253 2735 345 2768 cernatur
356 2730 468 2780 ignominia
479 2736 514 2768 tua
525 2730 624 2781 (anavah
640 2735 659 2768 et
671 2730 728 2770 sicuti
740 2737 810 2782 aperte

62 2797 161 2835 interdum
173 2797 250 2835 lesaiae
261 2798 356 2836 vaticinia
366 2797 456 2837 Nahumi
468 2797 533 2836 animo
547 2798 654 2837 observata
667 2798 808 2847 intelleximus,

64 2877 87 2902 ac
99 2866 137 2904 nisi
149 2865 238 2913 literate,
251 2865 276 2903 ad
286 2877 365 2906 sensum
375 2871 441 2905 tamen
456 2866 549 2915 recitata,
562 2866 591 2906 ita
601 2866 651 2906 haec
659 2879 739 2918 queque
748 2867 809 2907 verba

697 2967 717 3016 I

280 3018 291 3050 ’1
