1889 3264
300 198 316 248 ξ.
330 202 346 237 1,
365 197 398 236 Du
410 208 490 236 norrrnr,
502 194 597 235 Nnuunr.
797 205 822 232 111

79 321 163 369 tuimus,
177 320 286 360 CnsrnmN
299 321 365 359 verbis
377 320 429 358 ratio
441 319 470 357 rei
482 319 557 369 optime
573 319 694 358 illustratur:
713 318 758 367 „Zu
770 316 822 356 allen

52 423 54 427 Α
78 388 147 426 Zeiten
159 389 197 439 gab
210 402 231 428 es
246 389 266 427 in
281 388 345 427 Israel
361 386 450 424 zahllose
461 386 575 434 Personen,
592 387 625 424 die
639 387 660 424 in
675 386 730 424 ihren
743 384 823 424 Namen

78 456 111 493 fiir
123 455 165 494 sich
177 456 240 495 seihst
251 456 291 493 und
302 455 346 492 ihre
357 453 522 504 Voiksgcnossen
537 453 581 491 eine
591 453 772 492 immerw'a'hrende.
779 466 822 490 um-

79 523 232 561 herwandelnde
243 521 327 571 Predigt
338 534 406 560 waren
418 534 459 559 von
471 522 515 558 dem
526 521 637 559 herrliehen
646 521 720 559 Wesen
732 522 773 558 und
785 521 822 559 den

79 602 162 641 grossen
175 590 253 628 Thateu
264 589 384 636 Jehovah’s,
397 588 450 627 ihres
463 587 546 636 Gottes,
559 601 582 628 so
595 589 633 627 wie
646 588 723 636 daron,
736 588 774 626 wie
786 589 822 627 das

79 657 134 696 Herz
145 670 170 694 zu
181 657 222 694 ihm
235 656 303 695 steheu
315 656 356 695 und
368 669 410 695 tras
422 669 469 694 man
481 669 522 694 von
531 656 573 694 ihm
584 657 665 695 erbeteu
674 656 715 693 und
726 660 823 694 erwarten

80 725 160 763 solite.“
173 724 232 772 Quod
244 724 279 762 uhi
291 724 317 762 ad
329 730 419 763 nostrum
431 737 503 762 nomeu
515 724 641 772 transfertur,
653 723 699 761 licet
707 722 757 762 satis
765 736 823 773 prae-

81 792 155 830 clarum
167 792 263 841 praebeat
274 804 364 840 sensum,
377 792 446 841 negari
458 798 524 830 tamen
536 791 617 841 nequit,
636 791 660 829 de
671 791 696 830 iis
708 790 776 840 potius
787 802 824 828 no-

80 859 166 897 minibus
184 859 260 907 valere,
282 872 333 910 quae
354 872 396 897 cum
414 873 433 898 v.
449 869 471 897 tt*
494 859 606 908 composita
621 864 677 906 suut,
697 863 758 909 atque
773 858 823 896 adeo

81 926 148 977 aptius
160 926 250 964 adhiberi
261 927 282 964 in
295 927 414 976 explicando
426 940 446 965 v.
462 937 537 974 meur,
555 940 615 977 quam
631 926 717 976 simplici
731 939 751 964 v.
768 936 824 969 ntur.

82 993 160 1043 Quare,
172 995 190 1033 si
199 994 225 1032 ad
236 994 322 1033 hominis
331 995 399 1044 potius
408 1000 468 1045 atque
477 993 529 1033 vetis
538 994 661 1032 referendum
671 999 763 1032 naturam
770 993 825 1032 vide-

82 1068 114 1099 tur
125 1084 150 1089 —
162 1061 201 1100 nisi
211 1061 264 1099 forre
276 1074 347 1100 nomen
359 1074 421 1112 puero
434 1075 446 1100 a
457 1055 573 1112 parentibus
591 1067 664 1099 temere
681 1074 717 1099 nec
728 1061 769 1099 ulia
781 1073 825 1099 sen-

83 1142 117 1168 sus
128 1129 206 1167 ratione
217 1129 287 1167 habita
297 1129 413 1179 impositum
426 1142 469 1168 esse
481 1130 590 1180 putandum
607 1135 646 1177 est,
663 1141 703 1180 quo
719 1129 740 1167 in
755 1141 826 1179 genere

82 1196 827 1247 affirmarinihilpotest-—existimabimusNahumiforsanparentesisrae-

84 1264 131 1303 litas
136 1262 149 1311 ²,
162 1277 206 1302 curn
218 1276 300 1314 regnum
311 1264 477 1314 Ephraimiticum
490 1264 584 1314 gravibus
596 1263 661 1314 plagis
674 1265 699 1301 ad
708 1264 827 1302 internecio-

83 1344 128 1370 nem
139 1344 203 1382 usque
218 1337 364 1380 concuteretur,
382 1332 489 1371 constituto
506 1331 589 1371 infantis
605 1344 673 1370 recens
689 1331 732 1370 nati
748 1332 827 1369 nomine

84 1398 157 1437 similia
171 1411 297 1448 nuncupasse
312 1405 370 1448 rota,
392 1400 459 1450 qualia
474 1399 522 1438 fecit
535 1399 632 1448 Lamech,
653 1412 697 1438 cum
712 1404 828 1437 nasceretur

83 1465 166 1514 Noach,
183 1464 233 1504 Gen.
245 1465 270 1514 V,
283 1468 311 1504 29.
333 1465 439 1517 Utcunque
456 1473 495 1515 est,
512 1467 639 1518 praesagium
651 1466 738 1504 nominis
750 1465 828 1516 egregie

84 1533 156 1573 evenit.
176 1532 270 1571 Nahumo
287 1534 338 1572 enim
354 1534 448 1584 contigit,
468 1540 490 1572 ut
505 1535 639 1585 potentissimi
657 1534 722 1573 hostis
738 1534 828 1572 funditus

85 1601 185 1639 evertendi
201 1601 278 1651 species
294 1614 331 1651 per
345 1602 442 1641 visionem
459 1602 673 1640 divinitus-excitatam
686 1601 703 1639 ei
716 1601 827 1648 offerretur,

85 1669 137 1707 unde
154 1681 230 1707 summo
247 1668 291 1718 ipse
306 1668 389 1707 affectus
406 1669 478 1708 solatio
494 1669 579 1708 Iudaeos
595 1669 654 1708 simul
669 1669 763 1707 Manasse
781 1680 829 1718 rege

86 1748 122 1775 suo
138 1735 238 1785 privatos,
259 1736 366 1785 perniciem
384 1743 444 1787 atque
460 1736 544 1775 exitium
560 1737 585 1775 ab
601 1736 693 1788 Assyriis
712 1741 829 1783 metuentes,

86 1804 234 1850 consolaretur3
251 1815 288 1841 nec
299 1816 334 1842 eos
346 1804 422 1852 solum,
438 1817 507 1843 verum
520 1817 589 1843 omnes
605 1804 686 1842 omniuo
698 1804 755 1854 regni
767 1802 830 1841 divini

86 1871 149 1919 circs,
167 1870 201 1921 qui
217 1870 301 1909 secuiari
312 1876 412 1921 potestate
427 1885 515 1922 unquam
526 1872 593 1910 forent
605 1871 697 1922 oppressi
713 1876 773 1921 atque
784 1883 829 1920 pes-

86 1938 178 1977 sumdati.
196 1939 228 1975 Ac
238 1937 285 1975 licet
297 1939 321 1976 ad
336 1939 438 1977 notionem
450 1940 536 1978 nominis
545 1940 597 1978 hunc
606 1940 626 1977 in
637 1939 718 1977 modum
728 1939 830 1988 explican-
886 1989 887 1992 Ἴ

86 2007 143 2053 dam,
160 2005 194 2043 ubi
206 2005 284 2043 initium
296 2007 415 2055 praesertim
426 2007 474 2045 libri
485 2013 608 2057 spectamus,
626 2006 691 2057 magis
702 2006 775 2044 idonea
787 2018 831 2044 esse

69 2109 71 2113 .
86 2072 181 2124 cogitatio
193 2073 264 2112 ultoris
276 2073 377 2112 videatur:
395 2074 459 2113 altera
470 2080 537 2113 tamen
548 2075 584 2112 iila
596 2079 616 2112 et
626 2074 750 2124 praeclarior
765 2079 795 2112 est
812 2079 832 2111 et

87 2140 215 2187 cumulati0r3
235 2140 336 2188 „hostium
352 2141 403 2180 enim
422 2142 519 2190 deletio,“
536 2148 558 2180 ut
573 2142 589 2181 I.
606 2142 634 2181 H.
651 2142 770 2180 Mrcnnums
785 2146 831 2179 utar

87 2208 163 2256 verbis,
176 2208 285 2256 „eeclesiae
297 2213 328 2247 est
339 2209 471 2248 consolati0.“

87 2314 222 2321 —-——-·

123 2382 140 2423 1)
152 2383 211 2416 Ueber
222 2383 281 2415 Micha
293 2382 328 2416 den
339 2382 456 2416 Morasthiten
467 2394 484 2426 p.
491 2384 518 2416 tt-J.

123 2438 140 2479 2)
152 2438 187 2472 Otr.
200 2438 239 2480 Μ.

123 2495 141 2535 3)
153 2496 189 2529 cn.
202 2496 276 2529 Onsrnnr
287 2495 329 2528 ibid.
342 2489 379 2528 uot'
391 2497 421 2529 20:
437 2497 496 2538 „Bald
510 2496 581 2529 fixirten
595 2498 669 2531 fromme
681 2499 742 2531 Eltem
758 2498 833 2531 Lebeus-

52 2599 53 2602 Ἴ
90 2553 214 2595 ertahruugeu,
230 2553 259 2585 die
276 2554 301 2585 sie
312 2553 409 2596 uberhaupt
425 2554 468 2586 eder
483 2553 537 2595 grade
554 2554 597 2586 eben
612 2555 692 2598 gemacht
706 2556 775 2596 hatten,
792 2554 835 2587 oder

89 2610 141 2641 ihuen
153 2609 234 2650 wichtige
246 2610 362 2642 Wahrheiten
377 2611 405 2642 fur
420 2611 457 2643 sich
472 2611 509 2643 und
523 2611 561 2643 ihre
572 2611 640 2644 Kiuder
654 2612 708 2644 durch
719 2612 747 2644 die
758 2611 834 2652 ttamen,

90 2666 118 2698 die
135 2666 159 2697 sie
175 2666 228 2698 ihneu
243 2667 309 2708 gehen,
365 2667 406 2700 hald
421 2669 480 2710 iegten
495 2670 520 2701 sie
531 2669 629 2709 rutensem,
646 2668 721 2710 cebete,
739 2669 835 2703 Glaubens-

90 2723 197 2765 hoffnnngeu
208 2723 237 2755 fiir
249 2724 338 2756 diesetben
349 2725 369 2757 in
380 2724 435 2757 ihrem
447 2725 516 2758 Namen
527 2725 593 2766 nieder,
606 2726 634 2758 die
648 2725 679 2758 der
690 2725 736 2759 Herr
748 2727 774 2760 oft
786 2727 834 2768 gian-

90 2780 135 2813 zend
147 2779 214 2813 erihllte
226 2780 262 2812 und
273 2780 351 2814 dadurch
362 2782 381 2814 in
393 2782 532 2826 Weissagungen
544 2781 671 2824 verwandeite,
683 2783 717 2816 ct.“

682 2896 704 2928 ¹*
