1889 3264
286 197 304 247 ξ.
316 199 333 234 3.
350 195 384 234 Du
396 206 476 234 aarum
488 193 584 233 Narium.
777 205 806 232 xv

63 320 174 370 pertinere,
195 333 218 360 ea
234 321 303 359 ordine
321 331 357 359 suo
377 310 522 368 proponemus,
542 318 627 356 aliorum
647 322 712 356 autem
731 316 807 368 piacita

63 382 192 437 gravissima,
209 401 245 428 sua
260 389 355 438 cuiusque
371 385 440 422 oblata
458 385 573 433 occasione,
589 385 741 424 recensebimus.
760 384 817 434 Qum

63 455 117 493 facto
130 469 232 506 speramus
243 456 287 493 fore
298 459 321 491 ut
333 456 439 502 appareat,
456 451 550 490 Manasse
565 464 611 502 rege
625 453 650 490 ab
662 453 754 503 Assyriis
766 453 807 491 Ba-

64 522 159 573 bylonem
171 524 268 569 abducto,
280 519 369 559 Nahumi
380 518 497 557 vaticinium
509 519 583 557 editum
597 532 647 558 esse.

99 591 118 641 l)
130 591 161 628 Ac
173 590 259 639 primum
271 588 351 638 quidem
362 586 474 625 recolamus
486 592 574 636 oportet,
588 586 691 624 duodecim
700 588 809 636 propheta-

65 670 109 695 rum
120 657 193 695 librum
205 656 231 693 ab
243 655 278 703 iis,
295 655 330 706 qui
346 667 442 693 canonem
454 654 479 692 V.
491 654 524 692 Ti.
540 654 610 693 ordine
626 667 662 694 suo
679 655 808 693 concinnave-

65 730 123 773 runt,
137 723 243 762 secundum
255 723 350 773 temporis
362 723 450 761 rationes
463 721 583 772 dispositum
595 735 639 761 esse
647 722 659 760 ¹.
681 721 740 760 Unde
751 722 809 760 doce-

65 805 121 838 mur,
137 790 226 828 Nahumi
242 796 327 829 aetatem
342 795 390 840 post
400 789 511 828 Michaeam
527 795 547 828 et
558 795 604 828 ante
615 790 754 828 Habakukum
766 801 810 828 esse
817 818 835 854 Φ

67 857 207 906 definiendam,
224 858 237 895 i.
247 871 264 896 e.
280 859 334 896 intra
350 857 460 907 nonaginta
476 857 517 895 fere
529 870 603 906 annos,
620 857 654 908 qui
670 857 722 895 inter
734 856 810 908 primos

67 924 166 964 Hiskiae2
177 931 197 963 et
208 926 283 976 primos
295 924 375 964 Iosiae³
387 936 450 963 annos
461 924 559 963 interiecti
570 929 623 963 sunt.

101 993 121 1043 2)
138 992 200 1041 Quem
212 993 278 1035 locum
289 993 353 1043 probe
364 991 459 1031 Nahumo
471 992 595 1042 assignatum
610 1004 663 1040 esse,
674 992 811 1032 ,confirmatur

67 1060 92 1099 iis
104 1060 193 1098 vaticinii
204 1060 281 1109 verbis,
295 1061 368 1111 quibus
380 1059 464 1099 afiorum
471 1061 616 1110 prophetarum
622 1059 734 1110 particulae
743 1064 812 1110 aperte

68 1127 176 1165 recitantur
187 1127 220 1167 vel
232 1129 313 1166 omnino
325 1128 467 1178 respiciuntur,
481 1127 539 1166 sicuti
555 1128 638 1177 singulis
656 1127 749 1177 deinceps
761 1126 812 1165 locis

68 1195 124 1233 brevi
136 1195 296 1244 perstrinximus.
313 1195 358 1244 Quo
370 1195 391 1233 in
403 1208 474 1245 genere
485 1200 508 1233 ut
519 1195 634 1234 omittamus
650 1195 750 1244 singulare
761 1194 811 1232 illud

23 1279 25 1282 ⁴
69 1262 146 1300 dicendi
156 1274 218 1312 genus
227 1273 290 1306 *riusa
303 1272 356 1312 vulp
372 1258 412 1303 mn
428 1272 459 1300 *aa
468 1261 495 1310 II,
504 1265 532 1310 11,
541 1276 553 1301 a
562 1262 588 1300 lo
595 1262 631 1300 'e'le
639 1268 750 1300 mutuatum
757 1261 785 1309 Π,
794 1265 811 1309 6,

68 1329 145 1367 Ionae
161 1330 262 1367 oraculum
275 1330 317 1367 sine
329 1330 389 1367 dubio
402 1329 490 1367 referunt
504 1330 566 1367 verba
576 1330 597 1377 Ι,
610 1331 621 1366 3
633 1339 663 1373 tat
678 1338 727 1367 mma*
737 1329 811 1377 anati,
830 1331 833 1334 “

70 1397 101 1434 nii>
116 1397 237 1435 ostendimus
253 1396 307 1434 infra
321 1410 341 1447 p.
354 1400 381 1434 10.
402 1396 436 1433 Ad
451 1397 580 1435 Michaeae
596 1396 747 1435 similitudinem
762 1396 813 1434 nihil

68 1464 97 1502 ita
108 1476 226 1513 expressum
238 1468 278 1511 est,
296 1468 318 1501 ut
334 1469 388 1503 certa
402 1463 455 1502 Inter
466 1469 572 1515 utrumque
582 1464 635 1502 ratio
649 1463 772 1502 intercedere
783 1464 813 1502 vi-

70 1532 150 1577 deatur;
171 1544 218 1568 nam
236 1539 266 1573 tat
281 1526 309 1571 'tv
322 1541 364 1572 rum
379 1536 429 1573 :trin
449 1531 508 1569 Mich.
521 1532 551 1580 II,
564 1535 586 1580 3,
607 1530 660 1570 Nah.
672 1532 695 1579 I,
709 1534 729 1569 11
746 1531 813 1570 verbis

70 1599 207 1636 tantummodo
219 1598 283 1636 simile
295 1603 335 1645 est,
348 1599 446 1637 sententia
457 1599 516 1649 longe
527 1605 613 1650 utroque
624 1599 669 1636 loco
682 1599 755 1636 differt.
784 1600 814 1637 At

69 1678 117 1704 vero
129 1665 286 1704 luculentissima
296 1665 382 1715 vestigia
393 1666 495 1704 Iesaiae
506 1667 579 1704 librum
590 1666 702 1716 indigitant.
720 1667 814 1716 Appare-

70 1733 100 1771 bit
112 1733 164 1771 eninr
176 1733 213 1771 Ies.
225 1733 256 1781 X,
266 1736 287 1770 27
304 1733 384 1771 recitari
399 1746 412 1771 a
422 1732 476 1773 Nah.
489 1733 509 1781 Ι,
523 1736 555 1781 13;
573 1734 635 1781 XIII,
650 1737 671 1771 lli
687 1733 714 1772 N.
726 1733 768 1781 III,
782 1736 813 1780 103

71 1800 150 1848 XXIV,
163 1803 173 1838 1
188 1800 257 1849 N.II,
270 1803 289 1848 13
308 1799 398 1849 XLVII,
411 1804 428 1839 2.
441 1804 452 1838 3
467 1800 494 1839 N.
506 1801 583 1849 111,5;
603 1801 644 1849 LI,
658 1804 679 1838 19
698 1801 814 1849 N.111,r;

71 1874 173 1918 postremo
188 1867 236 1916 LII,
250 1871 289 1906 tr
304 1867 331 1905 N.
344 1868 374 1916 II,
388 1871 408 1916 i,
425 1874 444 1906 et
459 1868 531 1916 LII‚S
550 1868 652 1917 N.II,3.
681 1870 713 1906 Ac
730 1869 747 1907 si
764 1881 815 1918 quae

71 1936 124 1973 forte
134 1935 198 1974 levius
210 1940 288 1973 tantum
300 1935 404 1973 videantur
415 1937 481 1987 tangi,
499 1941 576 1984 tamen,
594 1936 612 1975 si
627 1949 668 1974 una
683 1936 749 1974 omnia
761 1948 815 1973 oom-

71 2003 217 2053 prehendamus
230 2003 361 2052 cogitatione,
377 2004 517 2053 gravissimum
529 2003 659 2053 suppeditant
670 2008 814 2054 argumentum.

71 2070 161 2109 Primum
174 2070 236 2118 enim,
253 2070 312 2112 modo
325 2071 470 2110 consideremus
483 2070 587 2122 utriusque
597 2072 660 2110 verba
672 2084 759 2122 quonam
771 2084 816 2109 sen-

72 2138 178 2175 tentiarum
194 2150 248 2175 nexu
264 2137 367 2176 enuntiata
383 2138 432 2186 sint,
448 2139 491 2176 fieri
506 2151 547 2176 non
564 2140 648 2189 poterit,
667 2139 715 2189 quin
730 2138 817 2178 Iesaiam

72 2204 205 2254 intelligamus
221 2205 296 2243 fontem
308 2217 362 2253 esse,
378 2207 431 2243 unde
442 2205 548 2245 Nahumus
565 2206 601 2244 illa
617 2206 746 2253 derivaverit;
764 2206 817 2243 unde

73 2272 170 2322 sequitur,
182 2270 271 2309 Nahumi
278 2271 394 2310 vaticinium
402 2286 446 2312 esse
456 2274 539 2321 editum,
554 2287 596 2311 cum
608 2274 672 2312 omnis
681 2273 758 2311 Iesaiae
766 2273 817 2310 liber

73 2339 136 2378 literis
149 2344 201 2378 esset
216 2338 332 2386 mandatus,
351 2339 364 2377 i.
375 2354 391 2377 e.
404 2345 452 2390 post
463 2346 564 2379 extremos
575 2340 662 2379 Histriae
677 2341 730 2390 regis
746 2351 816 2379 annos.

73 2407 126 2445 Tum
142 2419 200 2455 vero,
221 2406 315 2458 quoniam
330 2405 419 2446 Nahumi
435 2412 490 2447 aetas
506 2421 532 2446 ex
548 2407 594 2447 aliis
609 2421 690 2459 quoque
705 2408 771 2459 iisque
787 2418 819 2447 sat

74 2474 147 2513 validis
159 2480 237 2514 constet
248 2475 379 2524 argumentis,
392 2488 466 2514 novum
476 2476 573 2515 habemus
584 2476 723 2514 documentum
731 2477 757 2514 ad
766 2476 818 2513 refu-

111 2615 128 2655 1)
140 2615 168 2647 De
180 2615 300 2658 chronologico
312 2614 349 2647 XII
360 2615 482 2658 prophetarum
495 2617 555 2650 ordine
567 2619 596 2651 cfr.
603 2618 687 2650 Huucsrn.
696 2615 777 2648 Christol.
784 2615 819 2656 ΙΙΙ,

74 2685 91 2716 p.
100 2673 133 2705 137
143 2682 166 2704 ss.
178 2672 277 2704 Dunnzscn.
289 2671 371 2704 Zeitschr.
385 2672 413 2704 fur
424 2674 466 2705 luth.
474 2675 535 2707 Theoi.
548 2676 575 2708 ed.
586 2675 661 2708 Ruours.
673 2676 691 2705 et
703 2672 820 2713 Guuu.1842‚

74 2730 93 2770 I,
106 2740 122 2772 p.
132 2730 153 2761 15
163 2739 184 2761 ss.
199 2728 274 2761 cusnani
286 2727 348 2761 Obadi,
360 2739 377 2771 p.
387 2729 409 2761 37
418 2739 440 2762 ss.
452 2731 542 2764 Hauvuuu.
554 2732 599 2763 Eini.
611 2731 640 2772 Π,
648 2731 665 2772 b,
677 2741 693 2773 p.
701 2731 741 2763 275,
753 2730 820 2763 Jauuuu

78 2786 100 2819 de
112 2786 172 2819 ordine
184 2785 244 2827 proph.
258 2785 300 2817 min.
314 2786 445 2828 chronologico,
457 2788 502 2821 Tau.
515 2788 597 2821 Zeitsehr.
612 2787 702 2829 1828‚11.

112 2843 129 2884 2)
142 2842 176 2876 Cfr,
189 2841 263 2875 caseum
274 2842 316 2874 iiber
327 2842 386 2875 Micha
398 2856 414 2888 p.
424 2846 462 2878 100.

112 2901 130 2941 3>
141 2900 235 2932 Dunrzscu
246 2898 292 2932 Hab.
302 2910 317 2941 p.
326 2899 353 2932 IV
362 2909 383 2931 ss.
