1889 3264
122 146 153 192 34
400 149 584 198 Ο.11>.1,1’.1-11.

121 278 212 323 Asine,
230 273 345 321 Cocceium
361 279 393 322 at,
409 281 431 312 ut
444 274 546 322 omittam,
562 272 634 311 idoneo
650 274 671 311 id
686 276 774 324 pondere
791 287 864 322 carere,

121 343 196 395 stipula
207 347 307 381 crematur
317 341 352 380 ubi
363 342 403 380 iarn
416 355 501 381 excussa
513 347 548 381 est.

153 411 238 450 Veteres
249 410 352 449 versiones
364 410 414 449 sotis
430 410 451 448 in
462 410 501 448 hoc
511 422 571 449 versu
586 410 709 448 aberrarunt.
739 410 808 448 LXX:
830 404 866 448 tre

122 474 164 526 ἕως
183 473 292 529 θεμελίου
308 468 376 516 αὐτοῦ
393 469 576 531 χερσωθήσεται,
596 472 635 516 καὶ
654 469 685 524 ὡς
703 474 787 527 pete}
800 490 865 532 reapt-

120 541 246 599 πλεκομένη
265 537 422 598 βρωθήσεται,
444 539 482 582 καὶ
505 536 535 591 (ὃς
554 536 643 598 καλάμη
661 539 770 598 ξηρασίας
787 538 864 598 μεστή,

120 614 264 664 interpretante
275 612 414 652 Hruuonrruo:
436 612 498 662 „quin
509 625 574 662 usque
589 613 615 650 ad
625 612 755 651 fundamenta
766 624 803 650 sua
813 613 865 650 redi-

121 687 193 731 gentur
204 682 225 719 in
234 694 316 731 vepres,
329 685 349 718 et
361 680 412 719 sicut
420 680 500 718 volvola
510 680 631 718 circumdata
640 681 763 727 comedetur,
776 684 796 718 et
807 681 866 731 quasi

121 750 197 799 stipula
212 748 305 787 ariditate
319 748 408 798 1111111111ιι
426 746 495 786 Chald.
501 745 547 798 Syr.
563 760 600 798 pro
613 757 669 787 otro
684 748 756 799 legisse
767 758 821 787 urim
835 748 864 785 vi-

123 817 200 864 dentur,
214 816 309 855 exhibent
318 815 370 854 enirn
378 816 489 866 principes,
502 820 522 853 et
533 825 570 858 'nn
578 827 616 865 pro
626 825 663 863 rm
676 815 731 866 Syn:
745 820 865 866 „propterea

122 885 177 935 quod
193 885 225 922 vel
240 885 340 934 principes
356 896 424 922 eorum
439 882 551 922 refractarii
566 888 623 932 sunt,
645 889 664 921 et
679 883 699 921 in
716 883 812 922 ebrietate
827 895 863 921 sua

121 952 182 1001 ebrii,
195 953 365 1003 comederuntque
377 956 396 990 et
407 952 539 1002 impleverunt
550 964 571 990 se
583 951 659 1002 stipula
670 951 747 990 arida.“

464 1134 483 1159 v.
497 1124 525 1159 11.

154 1221 186 1260 Ee
197 1227 215 1259 te
226 1221 283 1267 abitt,
299 1223 332 1271 qut
344 1222 433 1271 coptteeit
444 1234 528 1272 prement
540 1228 607 1260 contra
617 1222 731 1268 Dominam,
747 1222 866 1260 conciliarius

120 1292 221 1339 nequitiae.
249 1289 296 1326 Hoc
310 1302 380 1337 versu,
400 1302 440 1340 quo
460 1290 523 1328 alters
543 1289 641 1328 clauditur
657 1291 750 1341 strophe,
771 1289 865 1327 liberatio

122 1357 187 1408 gentis
200 1370 269 1396 sacrae
281 1362 301 1395 ot
310 1356 417 1395 vindicatio
430 1359 455 1396 ab
464 1357 523 1395 hoste
532 1358 715 1408 comprehenditur,
728 1358 802 1409 quippe
814 1371 866 1409 quae

121 1438 147 1463 ex
162 1424 296 1463 internecione
312 1425 354 1463 eius
371 1439 390 1464 v.
402 1427 419 1463 3.
436 1429 458 1464 10
478 1426 581 1464 confestim
600 1432 701 1476 sequetur.
730 1427 759 1464 At
777 1438 822 1464 vero
840 1426 866 1463 nd

121 1497 214 1532 nostram
229 1492 345 1531 memoriam
360 1505 424 1543 usque
439 1493 528 1531 maxima
542 1493 671 1543 interpretum
683 1506 741 1543 pars,
761 1507 786 1531 nc
801 1493 865 1530 dicam

120 1573 189 1598 omnes
203 1560 219 1608 ¹,
235 1573 276 1598 non
290 1559 404 1608 Israelitas,
426 1574 494 1598 verum
509 1561 607 1611 Assyrios
626 1561 727 1600 faciebant
746 1560 865 1611 appellatos,

120 1628 160 1666 hoc
175 1628 218 1666 iere
229 1640 300 1666 sensu:
320 1641 345 1666 ex
361 1633 381 1666 te
396 1628 458 1677 enim,
476 1627 560 1676 Ninive,
574 1641 665 1678 egressus
682 1634 722 1677 est,
739 1633 786 1676 etc,
802 1628 832 1666 ita
844 1634 866 1667 ut

121 1695 195 1734 excidii
206 1700 310 1734 notaretur
322 1708 404 1743 caussa,
422 1696 545 1734 fluctuabant
556 1695 632 1743 solum,
651 1702 728 1735 essetne
739 1696 864 1734 vertendum:

121 1777 146 1801 ex
159 1763 199 1802 tuis
211 1763 276 1813 portis
287 1763 389 1813 profectus
402 1769 442 1811 est,
455 1772 493 1802 nm
506 1776 565 1802 sensu
576 1764 645 1801 hostili
656 1763 701 1813 (cfr.
714 1764 765 1814 prol.
778 1764 804 1802 ed
814 1763 864 1803 Gen.

120 1831 151 1880 X,
165 1832 206 1882 10),
219 1844 255 1869 an:
268 1843 294 1868 err
305 1836 325 1868 te
337 1835 392 1869 ortus
405 1835 441 1870 est.
463 1830 521 1870 Unus
532 1830 702 1879 Hounmrnunus,
716 1831 770 1882 quod
781 1831 861 1880 scimus,

120 1911 161 1937 non
173 1898 249 1938 Ninum
261 1898 296 1938 sed
307 1898 402 1937 Israelem
418 1898 468 1937 haec
483 1903 583 1949 spectare,
600 1899 711 1947 contendit,
728 1905 747 1937 et
759 1909 797 1938 1111
810 1912 862 1938 esse:

120 1967 170 2005 abiit
182 1979 208 2005 ex
219 1972 251 2014 te,
266 1966 349 2017 reliquit
359 1972 389 2014 te;
404 1966 465 2017 idque
475 1967 595 2014 rectissime,
614 1972 635 2004 ut
646 1967 705 2005 nobis
717 1967 797 2017 quidem
808 1968 862 2006 vide-

119 2040 159 2073 tur.
182 2034 238 2072 Licet
250 2047 348 2072 summurn
363 2035 406 2072 eius
418 2040 555 2084 argumentum
570 2034 658 2084 probare
669 2047 789 2085 nequeamus
794 2049 800 2081 ;
816 2048 862 2073 nam

120 2115 164 2140 eum
180 2102 263 2140 diceret:
283 2102 401 2140 nominatim
416 2101 539 2152 interpellari
556 2106 629 2140 averte
645 2102 749 2151 η11111Π,
763 2105 771 2139 1
788 2109 807 2140 et
822 2099 863 2152 nto

119 2180 176 2213 ipen
194 2170 235 2218 ΠΙ,
249 2172 281 2217 18,
297 2169 353 2207 iilam
369 2170 463 2208 feminino
479 2183 567 2220 semper,
587 2170 697 2208 masculino
715 2170 769 2208 hunc
784 2171 863 2209 exarari

120 2250 191 2288 genere
206 2261 231 2265 —
247 2250 270 2276 ea
286 2238 344 2289 quasi
359 2238 428 2288 regule
443 2251 483 2276 uno
499 2237 534 2276 iilo
549 2237 664 2288 infringitur
676 2247 745 2287 :intpp
761 2240 811 2285 1·.8;
827 2251 863 2275 nee

120 2306 227 2344 verisimile
239 2312 280 2353 est,
292 2305 406 2357 ubicunque
418 2306 530 2357 appellatur
542 2305 650 2356 Assyrius,
662 2305 691 2344 ibi
703 2305 768 2344 solum
779 2306 863 2343 indicari

120 2386 199 2424 regem,
211 2374 251 2411 imo
264 2373 377 2412 universum
385 2374 501 2425 plerumque
513 2373 620 2424 populum,
633 2373 691 2411 unius
699 2385 798 2422 personae
809 2374 863 2423 cogi-

119 2442 196 2479 tatione
212 2441 382 2491 comprehensum.
417 2440 461 2480 Nos
479 2446 545 2479 autern
561 2454 584 2479 eo
600 2440 718 2490 praesertim
733 2440 759 2478 ed
774 2447 863 2479 nostru-m

119 2508 200 2547 adducti
212 2509 329 2547 sententiam
345 2521 424 2557 sumus,
441 2509 495 2560 quod
507 2522 539 2548 vr.
552 2509 640 2547 anteced.
654 2508 678 2546 de
689 2507 743 2547 Nino
757 2514 776 2546 et
788 2509 812 2547 de
823 2510 863 2547 As-

120 2578 180 2628 syriis
193 2577 259 2628 agitur
272 2589 316 2615 cum
329 2577 399 2615 tertiae
410 2590 509 2628 personae
520 2582 579 2625 nota,
593 2589 629 2615 nec
641 2589 697 2615 secus
710 2579 770 2624 r.12;
783 2581 863 2625 eontra,

154 2753 171 2793 1)
184 2753 252 2786 Coccuu
264 2758 369 2794 commenta,
385 2755 413 2795 qui
430 2754 480 2786 sicuti
492 2752 515 2785 ad
527 2763 564 2786 eam
576 2754 693 2792 inimicitiam,
709 2761 743 2794 qua
756 2752 863 2785 Christianos

119 2812 221 2843 exercebant
233 2810 302 2852 Iudaei,
314 2812 372 2843 omnia
381 2811 460 2853 deinceps
468 2809 529 2851 refert,
541 2811 566 2843 ita
578 2811 620 2844 haec
632 2820 699 2853 quoque
707 2810 760 2841 verba
771 2809 863 2852 indigitare

120 2867 242 2914 Hierosolyma
254 2869 342 2911 opinatur,
355 2869 397 2901 satis
410 2878 494 2910 superque
507 2868 599 2910 redarguta
611 2873 650 2900 suut
663 2878 673 2900 e
684 2868 770 2899 traiano.
