1889 3264
142 151 188 180 xxn
377 142 542 182 Pnotneonuun.
559 142 608 183 Gar.
621 144 647 182 ΙΙ.

143 265 229 304 citudine
240 263 354 304 restituerat
365 272 433 317 pater,
446 267 534 318 gentium
547 280 590 307 sese
602 268 777 318 superstitionibus
789 269 883 308 audacius

143 333 206 381 dedit,
219 345 280 383 quam
292 334 346 385 quod
358 333 410 373 ullus
422 341 482 375 antea
492 349 530 374 rex
541 337 607 375 fuerat
619 349 689 384 ausus3
701 335 722 373 id
734 337 789 386 quod
801 350 824 375 eo
835 337 883 376 faci-

142 400 181 439 lius
192 401 326 451 perpetravit,
339 415 379 453 quo
391 403 502 443 inueterata
512 404 583 455 populi
595 405 621 443 ad
632 403 767 443 idololatriam
775 405 884 454 propensio

142 467 229 507 Hiskiae
241 469 307 508 studio
320 470 407 509 cohibita
418 472 486 522 potius
498 486 558 523 quarn
570 473 670 512 eradicata
685 476 738 519 erat,
754 476 774 509 et
786 477 817 510 sat
828 473 886 511 multi

143 535 203 574 etiam
212 535 313 586 vixerunt,
323 538 357 589 qui
362 538 437 577 XXIX
446 540 503 579 annis
512 545 557 578 ante
565 541 640 580 Achasi
649 539 799 591 superstitiones
808 540 884 587 sectati,

143 677 191 722 posi
203 672 307 711 emendata
318 686 376 713 sacra
386 674 479 724 impietas
490 676 565 714 recenti
577 689 621 714 cum
632 676 708 726 impetu
720 675 771 715 solet
780 674 885 725 seira-gari,

143 739 173 778 ita
184 739 298 779 idololatria
315 745 334 779 ei
349 742 438 792 nequitia
453 755 497 781 eum
508 743 604 782 violentia
615 744 680 782 adhuc
694 743 785 782 inaudita
797 742 885 793 grassari

145 808 216 857 coepit.
233 806 281 845 Non
293 808 345 847 enim
356 809 377 847 in
388 809 414 848 iis
431 810 605 860 superstitionibus
622 812 718 849 iaciendis
734 811 833 861 acquievit
844 810 886 848 Ma-

144 887 215 923 nasse,
233 888 284 926 quae
300 876 386 916 maiores
401 877 442 916 iarn
458 878 532 916 dudum
547 878 678 927 admiserant,
695 878 886 928 Syro-Phoeniciis,

144 942 284 982 Ammoniticis
296 944 420 996 aliarumque
431 946 519 996 gentium
531 947 672 995 accolentium,
684 959 753 985 verum
765 946 824 984 etiam
836 946 886 985 side-

145 1023 190 1048 rum
202 1010 285 1059 cultum,
298 1012 323 1050 ab
336 1012 427 1062 Assyriis
443 1014 576 1062 mutuatum¹,
593 1013 715 1064 petulantius
732 1014 813 1053 Achaeo
830 1013 887 1052 insti-

179 1150 196 1191 1)
210 1151 267 1184 Probe
282 1157 386 1187 notaverunt
401 1154 501 1188 Moumnsrus
517 1153 629 1194 (Phoenizier
644 1156 661 1197 I,
677 1155 726 1198 pbss
738 1165 761 1187 ss.
777 1154 811 1187 164
822 1154 855 1194 ss.)
870 1158 888 1186 et

146 1207 215 1241 Kame
230 1206 297 1248 (comm.
309 1211 327 1242 in
338 1211 356 1243 ll.
369 1221 416 1253 regg.
428 1212 525 1254 pbbdss.)
541 1212 638 1244 universum
654 1213 740 1245 coelorum
757 1211 851 1243 exercitum
867 1220 889 1242 ea

147 1265 216 1298 demum
227 1269 339 1309 tempestate,
351 1277 403 1309 quam
410 1269 503 1310 Assyriam
513 1278 604 1309 vocamuS,
616 1268 713 1312 religiosius
726 1268 747 1300 ab
759 1267 843 1300 Israelitis
856 1268 889 1300 coli

146 1327 227 1365 coeptum
237 1324 299 1364 tuisse;
310 1324 363 1367 idque
375 1324 398 1357 ad
409 1325 521 1365 Assyriorum
533 1326 653 1360 commercium
666 1336 703 1358 esse
714 1324 832 1365 referendum,
848 1324 889 1357 indo

147 1383 228 1421 apparet,
240 1380 286 1422 quod
294 1381 364 1423 Assyrii
371 1392 406 1414 non
414 1383 469 1414 solem
476 1387 544 1415 tantum
554 1388 571 1416 et
578 1384 647 1423 lunam,
659 1392 718 1414 uerum
731 1382 811 1414 eoelestia
819 1381 889 1413 omnino

148 1446 220 1478 corpora
232 1437 336 1479 adorabant,
352 1438 377 1470 nti
392 1438 475 1471 traditum
490 1448 501 1471 a
511 1439 597 1471 ueteribus
609 1445 635 1472 est
647 1444 664 1471 et
675 1439 791 1471 monumentis
803 1437 889 1480 praeclare

148 1495 277 1536 comprohatur;
292 1495 339 1527 unde
355 1495 407 1527 etiam
423 1500 494 1537 apparet
509 1500 574 1527 temere
585 1496 671 1528 iudicasse
682 1495 793 1535 cromnam,
808 1494 889 1535 Assyrio-

148 1561 186 1583 rum
197 1552 299 1594 religionem
310 1553 363 1584 fuisse
375 1562 411 1585 non
422 1552 539 1584 idololatriam
552 1552 583 1584 scd
594 1562 655 1594 purum
667 1552 743 1584 sidemm
755 1552 826 1591 cultum,
839 1551 890 1582 nullis

148 1608 233 1640 humanae
245 1608 361 1641 similitudinis
373 1610 477 1652 imaginibus
490 1608 569 1641 admissis
581 1608 629 1650 (Lp.
637 1608 674 1651 68);
686 1609 781 1651 permultae
793 1607 890 1650 enimdeo·

148 1675 186 1696 rum
198 1667 283 1707 imagines
294 1667 313 1698 in
325 1666 439 1698 marmoribus
454 1667 565 1698 inveniuntur
576 1675 676 1707 expressae3
691 1676 759 1706 verum,
772 1664 794 1697 ad
806 1673 891 1706 quaenam

148 1723 219 1754 numina
231 1723 309 1764 singulae
322 1723 401 1764 deinceps
412 1722 513 1754 referendae
527 1723 571 1761 sint,
587 1732 622 1754 non
639 1723 685 1764 prius
702 1723 754 1755 statui
768 1725 815 1754 certo
829 1724 891 1762 potest,

149 1788 201 1820 quam
212 1780 281 1821 scriptio
294 1784 367 1812 cuneata
379 1781 420 1812 satis
433 1781 456 1813 sit
468 1780 561 1811 enucleata.
575 1777 623 1818 Quae
636 1779 691 1811 adhuc
703 1780 722 1810 in
733 1778 766 1810 hoc
777 1786 840 1819 genere
850 1786 890 1808 con-

149 1835 213 1876 scripta
224 1839 272 1877 sunt,
289 1846 310 1868 ea
322 1837 429 1869 coniiciendo
444 1837 481 1869 iere
492 1836 576 1878 indagata
592 1840 641 1875 sunt,
657 1840 709 1877 atque
723 1834 813 1877 multiplici
828 1833 891 1865 discre-

148 1893 208 1933 pantia
220 1893 273 1925 etiam
287 1895 381 1926 incertiora
395 1893 496 1926 redduntur.
513 1893 549 1934 (cfr.
561 1893 632 1925 Laruas
644 1891 721 1925 Niniveh
733 1901 749 1922 u.
762 1901 775 1923 s.
787 1890 891 1923 Ueherreste

149 1960 165 1991 p.
173 1949 207 1981 410
216 1959 248 1990 ss.;
262 1949 341 1992 (Boronr)
352 1950 391 1982 The
402 1950 464 1982 buried
476 1952 509 1992 city
522 1951 542 1983 of
552 1950 631 1982 theEast
642 1948 739 1990 p.189ss.;
753 1946 811 1980 Gossn
819 1948 892 1988 Assyria

149 2016 165 2047 p.
172 2006 194 2038 bb
203 2016 235 2047 ss.;
249 2006 357 2047 Gnoruruun,
367 2007 435 2049 Aniage
442 2018 458 2039 u.
465 2007 571 2050 Zerstdrung
577 2007 593 2038 d.
602 2004 685 2039 cenaene
692 2015 714 2036 zu
721 2003 796 2037 Nimrud
808 2014 823 2045 p.
831 2004 851 2035 27
859 2013 890 2045 ss,

149 2073 183 2103 qno
195 2062 240 2095 adde
251 2062 384 2096 Rutiurnsourun
396 2065 425 2106 qni
438 2066 487 2097 paria
498 2074 553 2106 nuper
564 2063 636 2095 deornm
647 2062 727 2102 nomina,
743 2070 786 2103 quae
802 2065 892 2093 occurrant

149 2121 168 2151 in
180 2120 328 2161 inscriptionibus,
340 2123 429 2163 proposuit
440 2123 467 2154 in:
480 2120 559 2154 Outlines
572 2120 591 2152 oi
598 2119 684 2160 Assyrian
691 2118 757 2159 history
770 2129 786 2160 p.
792 2116 857 2150 XVIII
863 2118 892 2158 ss.)

150 2194 172 2200 -
183 2177 210 2209 At
220 2186 262 2209 vero
273 2178 314 2210 licet
325 2178 378 2210 totius
390 2178 507 2219 mythologiae
522 2177 572 2209 huius
588 2177 634 2209 ratio
649 2176 691 2207 satis
708 2175 764 2207 adhue
779 2175 851 2206 obscura
864 2175 892 2214 sit,

149 2238 217 2274 tamen,
233 2243 277 2275 quac
292 2234 315 2266 ad
330 2235 442 2267 illustrandos
456 2235 475 2267 ll.
487 2244 509 2267 ss.
525 2234 631 2276 pertineant,
647 2236 727 2265 accurato
742 2235 891 2264 monumentorum

150 2291 229 2323 examine
241 2295 258 2323 et
270 2294 398 2334 comparatione
410 2292 490 2324 uidentur
502 2291 602 2333 investigari
613 2300 669 2332 posse.
692 2290 719 2322 Ac
734 2289 808 2330 primum
823 2287 892 2329 quidem

150 2357 235 2379 summrnn
246 2358 318 2389 numen,
333 2359 376 2389 „rex
388 2349 464 2382 omnium
476 2348 547 2381 deorum
558 2347 671 2389 magnorum“
684 2346 791 2387 (arithmon
802 2343 892 2376 Commen-

151 2408 189 2445 tary
202 2414 224 2437 on
236 2406 298 2438 cuneif.
310 2407 351 2438 inse.
364 2406 425 2448 pbr),
441 2405 496 2438 Baal
508 2415 521 2437 s.
534 2406 599 2445 Assar,
611 2406 676 2444 Assur,
689 2400 769 2435 Assarak
780 2400 828 2442 (ibid.
840 2411 857 2442 p.
865 2400 892 2433 26.

151 2459 230 2494 Outlines
242 2474 258 2505 p.
264 2461 335 2502 XVIII)
347 2462 413 2494 duabus
426 2462 531 2503 imaginibus
543 2461 655 2503 exprimitur,
667 2460 722 2492 altera
734 2458 814 2490 circulum
823 2457 893 2490 exhibet

150 2519 204 2551 tribus
217 2519 249 2552 alis
261 2524 349 2560 ornatum,
361 2521 380 2551 in
393 2529 427 2561 quo
438 2519 525 2551 humanae
536 2519 637 2561 plerumque
645 2518 711 2559 figurae
720 2525 759 2558 pars
768 2517 845 2557 superior
853 2525 893 2548 con-

151 2577 220 2617 spicitur
231 2575 269 2616 (cfr.
280 2577 357 2609 Lernan.
369 2577 381 2608 l.
389 2577 400 2608 l.
412 2577 441 2618 fig.
448 2576 476 2616 79,
488 2585 504 2608 a.
516 2576 533 2607 b.
546 2586 563 2618 0?
576 2575 653 2609 eiusdem
660 2574 772 2607 Monuments
785 2574 805 2606 of
812 2573 892 2606 Nineveh

150 2633 186 2665 tab.
199 2633 214 2665 e.
226 2635 255 2667 25,
267 2635 295 2668 34.
307 2634 334 2666 39.
343 2634 371 2666 41,
380 2634 402 2666 53
411 2633 438 2666 all.
451 2632 518 2666 Bororn
529 2634 540 2665 l.
549 2633 560 2665 l.
573 2644 589 2675 p.
601 2632 650 2673 253),
662 2632 680 2664 in
692 2631 769 2673 Assyriis
782 2631 846 2663 tabulis
858 2640 893 2663 non

151 2691 238 2722 invenitur
249 2692 281 2723 nisi
293 2691 367 2724 volitans
379 2701 430 2733 super
442 2691 503 2723 arbore
511 2700 569 2730 sacra,
581 2690 627 2722 infra
635 2688 795 2729 commemoranda,
807 2688 834 2720 vel
842 2696 893 2729 super

151 2756 200 2788 roge,
215 2757 265 2789 quem
277 2752 307 2780 aut
319 2749 410 2781 comitatur
421 2749 457 2781 iere
473 2749 491 2781 in
507 2747 576 2791 proeliis
581 2772 586 2788 ,
604 2751 622 2780 et
637 2757 710 2789 quocum
726 2755 785 2779 ornnes
801 2748 860 2787 gestus
876 2748 893 2776 ct

151 2805 294 2846 manipulationes
307 2815 405 2838 communes
417 2807 461 2848 agit,
474 2809 504 2837 aut
516 2814 526 2837 a
537 2815 570 2847 qno
579 2805 653 2847 supplice
662 2805 748 2837 adoratur.
761 2802 827 2834 Eadem
835 2802 892 2844 imago

152 2860 220 2894 diversa
231 2862 289 2904 paullo
301 2863 368 2896 ratione
381 2863 466 2896 delineata
479 2862 627 2906 upudAegyptios
636 2863 744 2896 notissimum
753 2864 778 2892 cst
788 2859 828 2892 solis
841 2859 892 2891 simn-
