1889 3264
394 173 441 214 Car.
450 173 470 224 l,
483 188 501 213 v.
513 177 526 212 1.
818 168 830 213 7

88 300 182 338 Peroellit
194 306 259 338 autem
270 300 331 351 plaga
343 300 411 339 divina
422 299 498 338 Ninum
515 304 574 349 caput
590 298 646 349 regni
658 310 699 336 non
715 302 791 336 tantum
804 303 833 335 to-

89 368 128 407 tius
140 367 229 418 corporis
241 368 297 416 loco,
314 368 349 407 sed
362 382 400 406 una
412 367 473 406 etiam
485 380 529 404 curn
541 380 575 415 eo,
591 367 649 412 sicuti
667 365 784 416 saepissime
795 366 834 404 hcc

87 435 109 472 in
124 447 195 486 genere
209 435 352 486 Hierosolyma
369 448 406 485 pro
423 434 508 482 Iudaea,
525 432 617 473 Samaria
632 445 669 484 pro
686 433 772 482 Israele,
789 432 832 472 Da-

89 517 167 545 mascus
178 518 215 555 pro
228 504 288 556 Syria
299 509 407 554 ponuntur.
431 502 485 542 Nam
496 503 517 541 in
529 515 588 554 quem
600 502 658 554 quasi
670 502 756 541 medium
766 502 836 542 locum,

89 579 215 623 peccatorum
236 572 302 611 ubivis
323 572 474 611 commissorum
494 572 582 622 undique
601 570 680 618 redibat
703 571 792 621 gravitas
812 578 833 610 ct

87 642 194 688 atrocitas,
207 653 230 678 eo
243 652 323 690 quoque
333 652 443 689 poenarum
454 640 505 679 ictus
518 639 577 690 dirigi
588 639 677 677 maxime
688 640 800 688 oportebat.

120 708 191 746 Altera
202 707 256 745 tituli
267 719 315 756 pars
330 712 431 745 auctorem
443 713 510 754 notat,
527 715 565 757 Ῑπῆ
580 716 626 752 aab.
650 706 684 744 Ex
696 718 736 757 quo
748 707 776 744 de·
783 719 830 756 pro-

87 776 191 827 phetarum
208 773 291 823 scholis,
308 787 359 827 quas
375 775 453 825 dicuat,
469 775 520 814 nihil
531 774 617 826 amplius
632 773 719 814 traditur
734 774 756 813 in
772 773 830 814 libris

87 845 159 892 sacris,
176 849 224 894 post
234 843 293 882 Eliae
307 857 378 895 nempe
389 850 538 896 tempestatem,
554 844 649 896 gravibus
661 843 702 882 illis
714 849 734 882 et
745 843 830 883 funestis

86 912 156 962 populi
168 911 247 951 casibus
258 912 342 962 propius
356 912 421 952 indies
437 913 568 961 instantibus,
585 925 662 951 summa
674 912 766 962 deinceps
778 912 829 951 vati-

86 979 139 1018 cinia
150 979 248 1029 perscribi
259 985 331 1029 coepta
342 986 397 1028 sunt,
409 980 471 1032 idque
482 980 549 1019 divino
561 979 629 1027 iussu,
646 984 668 1017 ut
679 979 759 1029 saepius
766 979 829 1017 ⁴dcce-

86 1058 141 1095 mur,
159 1046 197 1084 Ies.
205 1046 266 1095 VIII,
279 1049 346 1094 1-165
362 1047 437 1096 XXX,
454 1050 475 1096 83
492 1047 546 1086 Hah.
555 1047 586 1095 H,
599 1050 616 1085 2,
629 1049 639 1085 3
644 1061 650 1095 3
666 1045 737 1085 Ierem.
746 1046 828 1095 XXIX,

87 1118 144 1164 lss.;
162 1115 276 1164 DanVIl,
294 1119 316 1164 1,
333 1116 385 1165 XII,
402 1120 420 1156 4.
433 1120 454 1166 9,
470 1117 543 1155 necin
558 1116 671 1155 futurorum
687 1120 764 1154 tantum
779 1120 828 1154 tem-

85 1196 158 1233 porum
169 1196 227 1222 usum
237 1183 275 1223 Ies.
285 1184 359 1232 XXX,
372 1187 393 1232 83
408 1185 478 1223 Ierem.
488 1185 563 1233 XXX,
575 1187 592 1223 2.
605 1187 627 1233 3,
645 1197 714 1223 verum
726 1185 829 1222 coaetanei

86 1251 146 1289 ctiam
157 1251 234 1302 generis
246 1264 317 1290 caussa
328 1252 398 1290 Ierem.
407 1253 512 1300 XXXVI,
526 1256 581 1300 l-ss,
598 1258 621 1290 ut
632 1251 710 1290 recitati
721 1252 742 1289 in
754 1252 828 1302 templo

85 1318 145 1357 latius
157 1318 312 1368 divulgarentur.
330 1319 397 1367 Quare
409 1332 453 1357 curn
461 1320 512 1357 nihil
524 1320 560 1367 sit,
573 1319 621 1370 quin
632 1318 765 1369 perscriptum
776 1319 829 1357 hunc

46 1377 48 1379 ’
84 1385 158 1425 librum
174 1385 200 1425 ab
216 1385 261 1437 ipso
272 1385 366 1425 Nabumo
383 1386 529 1437 existimemus,
545 1393 597 1437 tum,
615 1400 666 1440 quae
678 1392 721 1426 erat
735 1399 759 1426 eo
771 1400 829 1437 prae-

85 1454 153 1494 sertim
172 1460 262 1505 tempore
276 1455 407 1506 Assyriorum
426 1469 483 1496 casus
504 1456 600 1496 divinitus
614 1455 711 1507 praedicti
731 1455 827 1507 gravitas,

84 1523 148 1573 magis
160 1522 221 1562 etiam
231 1522 252 1561 in
263 1524 316 1561 hanc
324 1524 443 1563 sententiam
451 1525 594 1575 compellimur.
610 1526 748 1563 Acarnanam
756 1536 827 1574 nugas,

85 1591 120 1641 qui
135 1604 146 1628 e
161 1591 222 1629 verbo
237 1600 277 1629 aaa
291 1591 400 1639 concludit,
419 1593 535 1630 vaticmium
550 1597 640 1631 nostrum
655 1591 730 1641 scripto
746 1592 828 1630 manda-

83 1663 125 1695 tum
140 1663 160 1696 et
174 1656 257 1696 missum
272 1655 419 1697 Sennacheribo
436 1672 489 1708 esse,
505 1659 565 1711 idque
581 1659 607 1698 ob
624 1671 668 1697 eam
683 1658 782 1698 rationem
796 1660 827 1698 fa·

83 1732 146 1776 ctum,
163 1739 215 1779 quae
225 1726 329 1765 intercedit
340 1733 409 1766 nostro
420 1727 473 1767 libro
485 1741 530 1767 cum
540 1728 601 1776 lona,
619 1726 710 1767 attulisse
722 1728 771 1767 satis
783 1729 827 1767 erit.

82 1795 179 1835 Adiectus
193 1794 290 1845 genitivus
305 1804 344 1846 pur
360 1797 458 1835 omnino
474 1796 651 1847 propheticum
666 1809 721 1835 esse
736 1796 827 1835 librum
882 1807 884 1810 ’

82 1863 177 1910 ostendit;
193 1875 306 1910 monemur,
322 1863 472 1902 describendum
484 1865 572 1904 hostium
582 1864 684 1903 interitum
694 1877 731 1902 nec
743 1877 826 1915 conspe-

52 1949 54 1953 ·
81 1935 134 1967 ctum
143 1929 206 1968 oeulis
214 1942 267 1976 esse,
279 1942 315 1967 nec
322 1936 370 1979 post
378 1937 470 1968 eventurn
478 1937 600 1979 enarratum,
609 1944 674 1983 neque
682 1932 761 1969 ratione
768 1938 827 1971 antea

81 2003 101 2035 et
116 1997 230 2036 coniectura
244 1997 367 2047 nuntiatum,
387 1998 422 2038 sed
438 1999 505 2038 animo
521 1999 644 2038 extrinsecus
660 2004 719 2049 rapto
736 1999 826 2038 oblatum

80 2079 116 2116 per
127 2066 213 2117 speciem
230 2071 250 2104 et
260 2066 368 2115 visionem,
386 2072 406 2106 et
417 2067 446 2107 sic
460 2074 576 2119 perceptum
591 2067 654 2107 literis
670 2067 743 2106 exinde
754 2081 826 2107 exara-

80 2139 128 2171 tum.
156 2136 186 2172 At
196 2147 244 2172 vero
260 2134 312 2172 inter
328 2147 431 2174 commune
446 2136 592 2175 divinationum
608 2149 669 2187 genus
686 2141 707 2174 et
723 2148 826 2175 sacrorum

80 2206 149 2239 vatum
160 2200 247 2239 visiones
259 2202 298 2238 boc
309 2202 397 2241 maxime
412 2203 505 2252 interest,
523 2203 578 2255 quod
595 2203 662 2242 divino
675 2203 779 2258 spirituet
791 2218 825 2242 ex-

81 2268 167 2306 citantur
179 2272 198 2305 et
210 2267 328 2318 diriguntur.
356 2269 424 2318 Quare
439 2283 480 2309 non
495 2271 547 2309 male
558 2276 616 2310 notat
627 2271 747 2321 Maeonius,
763 2273 826 2311 verba

80 2336 99 2377 'u
114 2337 133 2376 'o
146 2336 236 2376 involute
245 2336 310 2375 dicere
320 2342 422 2377 auctorem
433 2339 492 2379 huius
504 2339 570 2378 oneris
581 2339 723 2391 principalem,
735 2340 824 2380 ministe-

79 2404 149 2443 rialem
168 2404 240 2444 clarina
258 2404 355 2444 subiicere
368 2402 462 2457 rwrpbun
481 2417 537 2450 urna.
565 2407 605 2446 Dei
621 2413 687 2447 autem
706 2409 769 2447 verba
785 2422 825 2448 non

79 2472 145 2510 audiri
156 2473 232 2521 solum,
248 2473 283 2512 sed
296 2473 393 2523 explicari
409 2474 468 2513 etiam
483 2479 580 2525 tanquam
592 2476 671 2524 divina,
687 2490 724 2515 nec
735 2483 757 2515 ut
772 2491 825 2517 mere

78 2540 166 2578 humana
177 2540 255 2578 debent.
268 2563 304 2585 —,
316 2541 348 2579 De
359 2540 448 2579 Nahumi
459 2541 539 2580 nomine
551 2548 570 2581 et
581 2543 648 2583 Elcesi
665 2543 704 2582 situ
716 2545 752 2582 cfr.
764 2546 824 2595 proll.

80 2615 120 2657 pru
134 2606 221 2657 regentis
233 2607 293 2647 simul
301 2608 357 2648 verbi
369 2614 389 2647 ct
399 2610 448 2648 recti
457 2609 546 2661 fungitur
554 2610 632 2652 vicibus
641 2611 727 2663 (aaa),
739 2612 761 2650 id
770 2613 825 2665 quod

79 2689 90 2713 e
102 2675 167 2713 vocali
178 2675 302 2726 subscripta,
316 2691 376 2728 quam
387 2678 461 2717 Inncnr
473 2681 580 2718 erumna.
592 2687 665 2719 temere
677 2681 823 2731 produxerunt,

80 2749 136 2781 etex
148 2743 285 2793 exemplorum
302 2745 431 2785 similitudine
447 2752 541 2797 apparet,
559 2748 594 2787 cl'r.
607 2749 647 2789 Ios.
656 2748 722 2797 XIX,
734 2753 768 2798 293
784 2750 822 2791 Ies.

78 2811 110 2858 II,
124 2814 156 2859 113
168 2811 204 2849 Ea.
214 2811 320 2860 XXXIV,
328 2817 355 2851 11.

112 2878 154 2917 lam
172 2891 218 2918 vero
235 2878 320 2929 primam
339 2880 391 2918 tituli
411 2887 489 2933 partem
505 2885 594 2934 spuria-m
610 2898 653 2924 esse
669 2884 822 2936 monueramus,
