1889 3264
104 169 169 198 111111
327 159 491 196 Protheonem.
510 155 558 195 Car.
572 157 608 193 111.

104 291 179 330 autem,
193 294 276 332 (luorum
289 281 374 319 indolem
388 289 407 320 et
419 289 510 320 naturam
523 279 600 330 egregie
613 279 740 328 perstrinxit,
758 279 844 329 gloriose

105 352 245 397 liberarentur,
266 349 360 399 aequales
380 362 427 389 suos
446 349 529 387 edocuit⁴
559 347 652 396 Denique
671 358 715 383 cum
736 352 844 384 extremam

104 417 172 455 Iudaei
183 418 208 454 ab
215 417 306 467 Assyriis
315 422 431 467 paterentur
440 416 582 463 calamitatem,
593 413 675 452 Narrant
683 414 761 462 integro
770 413 844 459 libello,

104 485 172 523 divino
188 484 295 523 instinctus
311 485 390 535 iugenio
407 491 426 522 et
441 485 520 535 vigore,
541 483 608 521 omnia
627 480 721 519 secularis
740 481 845 529 potestatis

107 668 144 690 cum
157 658 189 697 IV,
203 660 212 690 8
230 663 286 690 vatem
300 658 321 689 de
336 659 357 690 iis
369 658 425 690 dicere
437 659 539 697 contendat,
556 667 600 699 qnae
616 657 696 689 extremis
709 656 767 687 diebus
780 655 846 692 fierent,

104 720 169 746 temere
182 715 219 747 v.9.
230 716 251 746 11)
263 714 284 746 de
296 724 316 746 eo
328 714 386 746 valere
398 720 494 754 asseverat,
506 724 551 756 quae
562 714 653 746 confestim
665 715 752 745 evenirent
764 713 786 754 (p.
797 711 846 751 itt),

104 772 154 803 nobis
167 774 213 803 enim
227 775 274 803 certa
286 770 371 811 quaedam
384 773 466 813 temporis
482 775 524 803 nota
539 771 603 802 frustra
617 770 636 802 iu
650 771 681 802 illa
693 769 734 802 1th
746 779 782 811 cap.
798 772 847 809 parte

104 829 163 868 quaeri
176 828 252 866 videtur,
267 837 327 859 verum
342 827 410 859 tutin-ac
423 829 492 859 omnino
505 836 531 858 res
543 826 662 858 Israelitarum
680 827 787 866 adumbrari,
804 834 847 866 quae

105 889 161 916 utrum
174 885 227 916 serius
240 894 262 916 an
275 885 321 917 ocius
333 884 403 924 fierent,
415 894 450 915 non
462 883 515 915 refert
527 882 648 922 (clamart).
666 884 681 926 1)
693 884 731 915 Iam
739 893 780 914 vero
793 884 847 923 primo

104 941 170 973 10001,
184 940 212 972 dd.
225 941 268 973 nihil
280 950 317 972 esse
330 940 389 980 docet,
401 940 448 982 quod
459 941 494 972 tale
506 940 547 981 quid
559 941 575 971 ei
586 940 710 982 improbretur:
724 941 749 981 ,si
758 940 774 970 ll¹
787 939 805 970 ll.
818 948 847 969 ex-

105 997 162 1028 silium
171 996 192 1027 ab
201 997 277 1038 Assyriis
285 997 380 1039 parandum
390 996 522 1036 praediceretur,
534 998 634 1029 vaticinium
643 1006 678 1029 non
687 1007 723 1029 esse
732 995 846 1035 eorrfectum3⁴¹

105 1063 141 1084 non
153 1054 212 1084 omnia
223 1054 268 1084 5111111
280 1053 350 1085 oracula
362 1052 424 1084 debere
437 1054 505 1084 evenire
517 1054 540 1094 (p.
550 1053 596 1094 160).
612 1053 707 1085 Videamus
720 1057 785 1091 autem,
799 1050 848 1092 quid-

105 1119 144 1140 nam
160 1110 179 1141 in
195 1109 226 1141 boc
241 1119 304 1152 genere
319 1109 471 1150 legeprophetica
489 1110 600 1141 constitutum
615 1111 646 1150 sit,
662 1110 713 1142 Dent.
726 1108 796 1141 XVIII.
820 1107 847 1138 1111
871 1138 873 1141 ,

105 1166 150 1197 5111111
163 1166 249 1206 expressis
260 1166 318 1197 verbis
330 1169 432 1197 eventum
443 1166 519 1197 vaticinii
535 1170 617 1207 tanquam
633 1171 698 1197 certum
715 1174 784 1197 verae
799 1173 848 1206 pro-

106 1223 193 1263 phetiae
206 1223 291 1254 criterium
303 1222 409 1263 propositum
421 1222 503 1264 legimus,
515 1232 531 1253 v.
540 1224 567 1254 20.
577 1224 608 1263 213
621 1231 665 1264 quae
673 1223 755 1254 vaticinia
763 1231 799 1253 uon
810 1230 848 1252 eve-

106 1280 172 1317 nirent,
190 1288 211 1310 ea
223 1288 233 1310 a
245 1279 321 1310 Domino
333 1288 368 1309 non
381 1279 512 1320 esseprofecta,
536 1279 564 1311 Ab
577 1280 609 1311 hac
622 1288 684 1312 norma
700 1282 750 1320 atque
762 1278 822 1319 regula
834 1279 848 1308 si

106 1336 147 1377 quid
158 1336 204 1367 forte
216 1335 285 1367 videtur
297 1335 425 1376 excipiendum,
441 1334 548 1367 documentis
561 1337 603 1367 satis
612 1335 675 1367 validis
687 1339 738 1375 atque
750 1334 848 1366 efficacibus

106 1392 226 1433 comprobetur
238 1395 315 1433 oportet,
327 1391 379 1432 idque
392 1401 412 1423 eo
425 1393 488 1432 magis,
501 1402 539 1424 cum
551 1393 605 1424 literis
617 1393 728 1433 perscriptam
741 1391 848 1432 prophetiam

107 1453 158 1489 atquc
173 1448 264 1480 historiam
280 1447 383 1487 habeamus,
399 1448 429 1479 ubi
445 1452 480 1479 tam
498 1458 550 1490 grave
566 1449 631 1490 aliquid
648 1448 699 1480 debet
712 1452 790 1479 notatum
802 1457 848 1486 esse,

106 1515 156 1545 nam,
172 1506 186 1536 si
200 1514 259 1536 verum
272 1509 325 1544 esset,
343 1504 389 1545 quod
401 1509 488 1535 asseverat
500 1504 601 1536 aroasianus
613 1503 648 1543 (die
656 1504 719 1546 Proph,
732 1504 749 1535 d.
761 1506 784 1536 A.
796 1515 813 1535 u.
825 1503 847 1535 N,

105 1560 126 1591 Β.
140 1572 154 1601 p.
164 1560 209 1600 221),
222 1562 298 1593 omnium
311 1563 380 1593 omnino
393 1561 414 1591 V.
428 1561 448 1592 Τ.
462 1562 581 1593 vaticiniorum
593 1566 672 1592 eventum
685 1561 782 1592 amoribus
794 1560 849 1591 homi-

106 1628 146 1648 num
159 1617 298 1658 suspendendum
309 1628 356 1658 esse,
371 1618 445 1649 cuiusvis
458 1617 577 1650 homuncionis
592 1618 689 1659 praestigiis
702 1617 793 1649 israelitae
807 1617 849 1648 fuis-

107 1674 145 1706 sent
157 1674 236 1713 obnoin,
253 1685 284 1707 nec
296 1685 362 1707 sacrum
374 1674 496 1715 prophetarum
509 1685 519 1707 a
530 1675 569 1707 Deo
581 1675 701 1706 instinctorum
717 1683 777 1705 munus
790 1683 801 1705 a
812 1673 849 1714 qui-
865 1695 868 1698 v

106 1731 164 1762 busvis
176 1731 270 1763 mendaciis
282 1732 335 1773 probe
347 1731 443 1773 potuissent
455 1731 565 1773 distinguere.
582 1731 644 1772 Neque
655 1741 696 1762 vero
709 1732 725 1772 a)
737 1732 773 1762 iure
785 1732 848 1772 impro¹

107 1787 154 1819 brari
166 1788 215 1820 nobis
228 1787 295 1819 videtur
307 1787 340 1819 Ier.
353 1787 426 1828 XVIII,
439 1788 511 1828 5—103
524 1797 573 1826 nam,
586 1797 630 1828 quae
641 1787 666 1819 ibi
678 1787 766 1825 docentur,
779 1796 800 1817 ea
811 1787 849 1817 fieri

107 1844 176 1885 quidem
188 1854 238 1886 posse
250 1844 337 1883 dicuntur,
351 1848 369 1876 at
380 1853 474 1885 numquam
481 1843 528 1875 taeta
536 1847 575 1875 sunt
583 1843 613 1875 011.
625 1854 638 1875 1.
649 1843 669 1875 13
682 1853 715 1883 55,;
729 1852 783 1884 neque
791 1843 849 1874 valere

106 1905 178 1941 possunt
194 1901 228 1931 nisi
245 1899 266 1931 de
282 1900 303 1931 iis
320 1902 415 1941 vaticiniis,
432 1910 476 1943 quae
491 1900 558 1933 adiecta
573 1902 631 1933 statim
647 1901 745 1933 conditione
760 1900 848 1931 enuntiata

107 1961 155 1997 sunt,
171 1956 201 1989 011,
216 1957 278 1988 Ierem.
290 1957 363 1996 XXVI,
376 1958 407 1997 13,
424 1958 555 1999 etsaepissime
571 1960 589 1989 iu
601 1958 662 1999 Dent,
677 1959 695 1999 b)
711 1965 762 1999 porro
777 1957 805 1987 rel
822 1965 848 1995 ea,

107 2023 151 2054 quae
164 2012 217 2044 affixa
229 2013 327 2045 conditione
340 2015 430 2056 praedicta
441 2018 489 2053 sunt,
506 2024 541 2045 nou
556 2024 606 2055 posse
622 2016 656 2046 nisi
668 2016 714 2046 seria
725 2014 778 2046 totius
790 2014 848 2055 populi

107 2070 219 2101 conversione
234 2071 344 2110 commutari,
362 2071 398 2112 ipse
412 2070 462 2103 Casu.
478 2071 606 2112 probedocuit
621 2069 685 2102 Beitrr.
697 2070 714 2110 1,
727 2070 813 2112 passa,
831 2076 848 2102 at

106 2125 159 2157 Mich.
171 2126 238 2167 11164,
250 2126 283 2158 165
296 2127 429 2168 poenitentiam,
445 2132 485 2169 post
497 2127 586 2160 Michaeae
598 2126 744 2169 praedicationem
756 2137 767 2159 a
779 2127 848 2159 Iudaeis

106 2183 216 2223 praestitam,
233 2181 300 2214 futilem
312 2183 365 2215 fuisse
378 2185 461 2224 ostendit,
479 2194 520 2225 crgo
535 2184 593 2225 paullo
608 2188 648 2225 post
660 2184 739 2216 minitata
751 2184 781 2216 illa
793 2188 848 2216 trans-

106 2239 181 2280 portatio
197 2239 218 2270 ab
230 2239 307 2280 Assyriis
322 2239 380 2272 futura
392 2241 466 2273 debebat
479 2242 581 2273 evenire-
593 2251 631 2273 cum
647 2250 656 2271 e
672 2241 758 2272 contrario
774 2241 848 2282 splendi-

106 2295 177 2327 dissime
188 2295 249 2327 Iudaei
261 2297 282 2328 ab
294 2297 329 2329 illis
339 2298 471 2330 liberarenturtt
485 2299 499 2340 0)
511 2302 547 2329 tum
555 2306 596 2329 vero
605 2297 686 2338 exempla
693 2296 732 2336 illa,
745 2306 789 2337 quae
799 2296 849 2329 affert

106 2362 122 2383 v.
135 2352 173 2391 1111,
188 2362 253 2393 poenas
269 2354 347 2386 absolute
363 2355 440 2387 decretas
456 2355 503 2387 nullo
522 2354 573 2386 modo
593 2352 686 2385 ostendunt
706 2352 783 2385 sublatas
801 2363 848 2394 esse,

106 2417 148 2439 nam
154 2410 266 2449 Assyriorum
278 2412 385 2452 poenitentia
396 2411 450 2443 Ionae
461 2412 562 2443 vaticinium
575 2413 641 2449 secuta,
653 2409 691 2448 III,
698 2420 713 2440 v.
723 2410 795 2450 5—10,
803 2412 850 2452 cogi-

106 2466 140 2497 tart
151 2465 205 2508 probe
217 2466 284 2507 nequit,
296 2468 329 2498 nisi
342 2468 412 2509 abipso
424 2473 464 2500 vate
475 2469 522 2499 iussa
534 2472 551 2498 et
562 2466 676 2508 praescripta,
689 2466 718 2497 cfr.
727 2476 742 2498 v.
751 2469 781 2507 10,
793 2467 818 2498 ita
831 2472 849 2498 ut

106 2522 191 2561 conditio,
214 2532 236 2553 ex
256 2532 289 2564 qua
309 2524 388 2556 interitus
403 2524 446 2556 Nini
465 2524 559 2566 pendebat,
580 2532 602 2554 ex
620 2523 642 2554 iis
662 2522 741 2554 videatur
759 2524 848 2563 elicienda,
885 2530 887 2534 ·

106 2587 150 2618 quae
161 2579 234 2620 populus
243 2579 264 2610 ad
273 2580 384 2612 evertendam
392 2581 526 2612 internecionem
535 2579 630 2622 praestitit;
642 2579 712 2620 reliquis
726 2584 782 2612 autem
792 2590 849 2612 exem-

106 2634 139 2675 pus
153 2634 231 2667 inarari.
244 2636 289 2675 xn,
304 2637 361 2669 5-8.
378 2637 437 2678 rneg.
449 2637 504 2678 11111,
521 2637 548 2669 aa.
565 2635 626 2677 aaeg.
642 2636 706 2677 111111,
722 2637 797 2670 15-20
812 2637 848 2678 aaa
901 2666 903 2668 ,

106 2689 157 2722 Cast>-
172 2700 238 2731 poenae
254 2697 334 2725 eventum
346 2695 499 2735 procrastinatum,
514 2704 549 2726 non
562 2693 648 2725 sublatum
660 2693 742 2725 concedit¹
755 2711 778 2716 —-
791 2692 848 2732 Quare

106 2748 121 2778 si
133 2747 222 2779 Michaeae
238 2750 337 2781 vaticinium
353 2749 386 2789 IV,
398 2760 413 2781 v.
425 2750 441 2781 9.
455 2752 476 2782 10
491 2750 565 2791 editum,
581 2761 614 2792 quo
630 2751 704 2784 Iudaeos
721 2761 751 2793 per
766 2751 848 2789 Assyrios

105 2801 213 2844 Babylonem
227 2804 318 2837 abductum
330 2806 352 2837 iri
364 2807 487 2847 praedixisset,
502 2808 635 2840 existimandum
647 2813 692 2840 esset
704 2811 766 2839 eventu
777 2806 848 2838 destitu-

105 2864 151 2898 tum,
163 2861 220 2901 aliquo
229 2862 246 2893 ll.
255 2871 277 2894 ss.
287 2862 324 2893 loco
336 2863 371 2895 tale
383 2863 424 2904 quid
436 2867 514 2896 notatum
528 2868 545 2895 et
557 2865 662 2906 argumentis
670 2864 798 2904 comprobatum
810 2873 848 2895 esse
