1889 3264
372 133 420 174 Car.
430 135 449 183 I,
463 148 481 174 v.
492 138 508 173 9.
782 131 812 178 29

69 257 143 297 bellum
155 258 189 297 Ps'.
199 258 291 308 XXVII,
304 262 325 307 33
337 258 388 299 Hos.
397 259 428 307 X,
442 262 474 306 14,
485 259 510 297 ad
523 271 573 297 onus
585 258 645 297 Prov.
656 256 735 308 XXIV,
748 261 777 297 22.
790 281 814 286 -

69 326 129 364 LXX
146 327 194 366 satis
216 328 342 379 singulariter
358 328 387 366 sic
407 328 490 365 habent:
516 318 556 366 oda
571 318 685 380 ἐκδικήσει
700 326 772 379 (quasi
788 327 816 366 sit

70 395 105 433 fut.
119 407 136 433 a.
149 408 168 434 v.
180 398 232 448 apr)
248 391 282 443 dig
297 391 336 435 ἐπὶ
350 391 376 434 τὸ
392 386 446 434 cetra
461 389 484 434 ἐν
498 388 589 446 θλίψει.

103 461 146 501 lam
159 463 209 502 dirae
221 465 311 502 oriuntur
323 463 461 515 quaestiones:
479 461 498 512 1)
511 460 615 510 Quosdam
625 461 737 513 interrogat
744 463 813 501 vates?

70 531 90 581 ²2)
103 530 200 579 Quisnam
211 544 283 582 passus
296 537 326 569 est
338 530 450 581 augustiam
463 534 483 567 et
494 542 506 567 a
519 542 558 580 quo
571 535 631 567 antea
638 535 711 579 parata
720 530 763 569 est?
780 531 815 569 Ad

69 599 155 648 primam
171 599 307 650 quaestionem
322 599 440 649 interpretes
457 598 499 635 fere
516 610 584 636 omnes
599 597 730 647 respondent:
749 598 814 649 Assy-

70 665 111 705 rios
126 667 229 715 nimirum,
251 666 314 718 „quid
330 665 427 705 molimini
443 673 512 705 contra
527 665 667 704 Ι)οα111111111ἲιι
684 672 814 716 occupantem

70 734 146 772 faciunt
156 735 275 785 prophetam
287 735 358 774 tacitas
370 734 500 785 Assyriorum
518 733 649 782 obiectiones,
666 733 740 785 „quasi
751 747 815 773 vanae

70 807 105 840 aut
120 802 163 841 sine
179 802 250 841 effectu
264 803 343 842 futurae
359 808 425 842 essent
440 801 523 840 Domini
538 801 713 849 comminationes,
730 804 782 849 aut,
797 802 814 841 si

71 870 125 920 quod
136 875 252 919 paterenttu·
263 871 366 920 damnum,
382 870 441 909 facile
456 870 496 908 tale
511 870 560 921 quid
574 882 635 920 posse
649 869 761 919 reparari.“
790 869 814 907 Iu

71 949 111 988 qua
126 938 224 976 sententia
239 940 260 989 a)
272 939 358 989 primum
374 938 476 989 displicet,
494 938 548 990 quod
564 933 591 979 ‘aa
610 949 670 976 sensu
686 937 814 976 adversative

70 1005 206 1055 accipiendum
216 1006 342 1054 existimant3
354 1020 401 1045 nam
413 1006 449 1045 etsi
461 1001 488 1046 ‘aa
502 1015 550 1045 :mn
565 1005 628 1044 tribus
639 1004 680 1044 illis
691 1005 741 1044 locis
752 1018 815 1056 supra

70 1073 156 1111 laudatis
171 1073 245 1112 habeat
259 1075 331 1114 hostile
347 1075 434 1126 aliquid,
456 1073 553 1112 eiusmodi
572 1079 639 1112 tamen
657 1084 728 1112 sensus
745 1073 815 1122 potius

71 1154 130 1191 quam
139 1141 256 1192 significatio
268 1143 422 1193 praepositionis
432 1148 473 1189 est3
484 1139 511 1182 'aa
522 1142 613 1192 designat
625 1141 753 1180 directionem
765 1140 814 1180 iacti

70 1214 90 1246 et
105 1209 214 1258 obiectum,
231 1211 266 1248 cir.
283 1209 386 1259 2811111,
402 1214 435 1258 24;
451 1210 487 1248 Ps.
498 1210 568 1258 LXII,
581 1213 590 1246 1
607 1209 709 1260 (αὴ-,1111Ι
722 1208 814 1261 §21703

71 1289 132 1327 quare
148 1277 198 1315 nihil
214 1278 267 1316 aliud
283 1283 313 1317 est
332 1292 402 1329 quam:
422 1278 510 1328 cogitare
526 1272 565 1317 ἐπί
579 1289 638 1324 τινας
654 1289 691 1315 nec
704 1276 764 1314 Mich.
777 1277 815 1326 IV,

70 1344 136 1382 3alia
156 1344 187 1383 uis
204 1351 244 1393 est,
266 1359 336 1397 quam:
360 1358 400 1384 nou
418 1346 528 1396 portabunt
546 1352 615 1397 gentes
635 1344 698 1383 altera
718 1344 744 1382 ad
765 1344 815 1383 alte-

69 1425 113 1450 ram
130 1412 224 1463 gladium.
260 1412 352 1452 Ceterum
372 1414 466 1452 confundi
482 1414 561 1464 quidem
578 1414 624 1452 iude
640 1427 653 1451 a
669 1412 746 1452 Iesaiae
765 1417 814 1451 tem-

70 1492 120 1530 pore
134 1480 233 1519 interdum
249 1477 275 1522 aa
290 1487 309 1520 et
327 1478 363 1530 Ι11],
379 1495 453 1533 negare
469 1481 561 1521 nolumus
566 1496 572 1530 ;
587 1482 611 1521 it<
632 1487 699 1520 tamen
714 1480 757 1518 fieri
772 1481 815 1530 ple-

69 1560 153 1599 rumque
168 1548 229 1597 solet,
248 1554 271 1587 ut
285 1546 313 1591 *art
327 1550 452 1588 deminuatur
465 1549 486 1588 in
501 1546 539 1599 Ba,
560 1562 604 1588 eum
622 1548 736 1588 distinctam
749 1549 814 1599 magis

69 1615 143 1653 indicet
158 1615 271 1655 directionis
287 1618 398 1666 notionem,
415 1630 479 1668 neque
490 1631 538 1657 vero
550 1613 577 1659 'aa
591 1616 722 1668 aruplifieetur
737 1616 759 1653 in
774 1613 814 1664 Bm

70 1697 83 1720 a
95 1695 134 1734 qua
145 1683 215 1733 regula
226 1685 283 1722 unice
295 1685 433 1735 excipiendum
445 1686 519 1724 estldz.
528 1685 610 1733 XVIII,
624 1688 656 1732 113
668 1696 715 1722 nam
726 1683 813 1732 Iele,

70 1753 81 1788 S
97 1750 151 1801 quod
167 1751 225 1789 affert
239 1752 284 1791 Ew.
297 1752 375 1803 wli,
392 1765 413 1804 p.
424 1756 458 1791 416
475 1767 529 1792 mere
546 1753 609 1792 audit:
631 1751 686 1804 quod
702 1751 773 1790 attinet
788 1752 814 1790 ad

69 1819 151 1857 fratrem
167 1831 234 1867 suum,
252 1832 292 1858 nou
307 1820 372 1871 parcit
379 1820 391 1859 ¹.
420 1821 444 1872 b)
455 1822 550 1869 Accedit,
571 1821 625 1872 quod
641 1821 668 1860 ad
682 1832 702 1858 y.
712 1822 734 1857 14
750 1831 814 1871 usque

69 1886 165 1937 appellati
178 1899 255 1937 semper
267 1887 336 1926 Iudaei
347 1894 404 1936 sunt,
420 1889 501 1940 Assyrii
517 1902 561 1927 eum
572 1888 643 1927 tertiae
654 1899 753 1939 personae
764 1892 814 1927 nota

69 1954 185 1993 afferuntur.
203 1957 223 2007 e)
234 1954 340 1994 Postremo
355 1952 381 1997 'ts
396 1966 442 1996 :mn
454 1957 548 1995 hocloco
561 1956 616 1995 aliud
627 1969 671 1996 esse
683 1968 743 2006 quam
755 1951 783 1996 tr)
792 1956 812 1995 'n

69 2035 88 2060 v.
99 2024 130 2069 11,
149 2035 160 2059 e
172 2024 326 2062 commutatione
337 2024 508 2075 praepositionum
520 2024 605 2063 dilucide
620 2028 705 2075 apparet
712 2021 725 2061 ².
750 2023 815 2061 Inter-

69 2088 154 2139 pellatos
166 2102 214 2140 ergo
225 2090 311 2130 Iudaeos
324 2105 436 2141 censemus,
454 2093 483 2130 uti
493 2092 570 2142 placuit
580 2092 689 2139 thammo,
705 2090 735 2129 ita
747 2092 815 2142 dispu-

70 2161 144 2195 tantem
156 2162 223 2195 seeuto
236 2157 354 2197 Grannum:
372 2154 409 2199 ἵνα
418 2154 492 2200 τοίνυν
505 2155 535 2215 μὴ
552 2156 591 2199 καὶ
605 2152 682 2207 αὐτοῖς
694 2157 742 2206 τοῖς
754 2153 816 2208 ἴσοις

70 2223 250 2276 περιπεσεῖσθαι
263 2225 343 2274 κανοῖς
357 2219 555 2281 προσδοκήσαντες
565 2219 694 2281 εῧιὲςοορμον
704 2217 746 2282 iidp
761 2240 815 2268 ποι-

71 2290 131 2332 οῖνιο
146 2287 186 2347 τὴν
201 2289 354 2348 καταδρομὴν,
370 2289 410 2348 τὴν
419 2289 444 2333 ἐκ
453 2292 493 2348 τῆς
499 2286 610 2342 Ἰουδαίας
621 2287 653 2341 εἰς
664 2285 815 2347 ἀλλοφύλους,

69 2356 188 2410 μονονουχὶ
206 2356 244 2400 καὶ
263 2352 455 2410 ἀναπυνθάνεται,
477 2356 559 2415 λέγων,
578 2358 601 2401 σι’
619 2352 664 2415 tipo
679 2357 814 2415 λογίζονται,

71 2421 109 2464 καὶ
124 2427 216 2480 φρονεῖν
231 2421 340 2481 ἐγνώκασι
354 2425 408 2483 περὶ
422 2427 463 2468 τοῦ
478 2423 567 2484 κνρίον,
587 2424 683 2484 σκληρὸν
698 2419 743 2483 ι’λρα
758 2427 816 2484 φησὶ

71 2488 109 2531 καὶ
124 2487 247 2549 βαρύμηνιν
262 2488 369 2549 ὑπάρχειν
384 2488 463 2536 οἰέσθε
478 2491 517 2535 τὸν
530 2493 574 2535 ardu
589 2489 647 2536 ὅλων
656 2488 728 2536 θεόν·
745 2494 791 2536 aad.

105 2616 122 2657 1)
134 2617 224 2650 llimcurus
239 2620 286 2661 apud
301 2620 428 2654 adversativam
442 2621 477 2653 rim
492 2630 550 2663 praep.
562 2617 589 2662 ἠε
604 2624 691 2661 remanet,
708 2624 759 2663 atque
772 2621 817 2655 adeo

71 2673 113 2706 satis
128 2674 237 2706 incommode
252 2675 333 2719 intelligit
349 2679 460 2711 sententiam:
478 2678 524 2711 male
540 2681 558 2710 et
569 2678 669 2711 indecenter
684 2683 738 2720 agunt
749 2678 816 2718 Iudaei,

71 2732 86 2762 si
97 2731 176 2763 diffident
188 2731 265 2764 (lomina.

106 2790 123 2831 9)
134 2788 227 2831 Perperam
238 2788 347 2822 Hrauonruus
360 2793 494 2825 consumtionem
503 2800 553 2825 versu
562 2791 673 2826 antecedente
682 2793 759 2834 Assyriis
767 2802 815 2835 prae·

72 2844 134 2878 (lictum
147 2846 181 2879 iam
194 2845 216 2878 ad
227 2845 302 2879 Iudaeos
314 2847 372 2881 refert.
