1889 3264
290 207 306 257 {t
320 210 336 246 5.
355 208 388 247 Dr
400 222 465 250 nanos
478 212 619 250 Assrrrrorru.
788 220 825 246 ΜΠ

80 330 100 363 et
112 326 204 366 fortiores
217 329 345 380 subiugarent
353 333 363 369 ¹.
383 332 438 380 Quas
451 339 504 371 artes
517 333 594 383 egregie
605 332 725 383 perstrinxit
736 331 824 376 Hoseas,

80 405 124 430 eom
137 395 265 446 Assyriorum
278 411 343 449 regem
356 400 468 449 appellaret
482 410 516 439 :rt
531 396 582 448 dira,
598 414 634 437 rex
647 397 824 448 „altercabitur.“²

81 460 145 508 Quam
159 468 222 502 auteur
234 466 309 515 perfide
321 472 340 504 et
353 466 451 506 malitiose
463 465 539 517 egerint
551 479 599 517 erga
610 467 707 517 populos,
724 480 767 506 oum
780 467 823 516 qui-

80 529 117 566 bus
129 531 302 580 conflicta-rerunt,
315 535 364 572 setis
376 546 475 585 superque
488 533 566 583 experti
578 539 625 573 sunt
636 534 704 572 Iudaei
717 547 729 573 a
740 533 822 584 Tiglatlr

80 596 168 635 Pilesere
184 600 312 649 maximeque
330 615 342 639 a
358 600 488 640 Sanlreribo³.
516 602 543 639 Et
560 602 643 639 simulac
658 602 727 640 hostes
743 601 822 651 aliquos

80 671 235 713 superaverunt,
252 671 293 704 tum
310 668 335 706 ad
350 669 503 707 internecionem
516 682 578 719 usque
591 682 635 706 cum
646 669 728 706 immani
740 668 822 706 crudeli-

80 735 120 768 tate
132 744 166 769 ees
179 734 338 783 excruciabant4,
359 731 398 787 quo
415 737 435 774 in
450 750 522 788 genere
533 737 587 775 haud
599 750 645 775 raro
661 737 775 775 universum
786 748 822 785 po-

79 798 147 848 pulum
163 798 183 835 in
198 799 248 838 alias
264 801 388 842 deduxerunt
405 804 506 855 regiones,
529 817 553 842 ne
575 817 668 855 umquam
685 804 727 843 suis
744 803 822 853 legibus

80 866 146 902 rivere
158 878 182 902 ne
194 868 261 905 conari
274 870 352 920 quidem
363 871 466 921 possent⁵.

114 931 170 979 Quae
185 935 257 984 egendi
271 938 322 975 ratio
336 944 459 988 quantopere
473 937 500 976 ad
515 950 598 975 munera-
613 949 625 974 a
644 937 680 975 deo
696 937 722 976 iis
734 938 823 975 iniuncta

79 999 206 1049 pertinuerit,
219 1002 291 1043 elarius
301 1005 360 1043 etiam
370 1006 497 1057 intelligitur,
507 1005 541 1042 ubi
550 1010 692 1055 comparantur
701 1018 745 1043 eum
755 1006 822 1055 Aegy-

80 1066 133 1116 ptiis.
151 1067 190 1106 Est
204 1069 256 1107 enim
268 1071 374 1122 singularis
390 1073 497 1112 necessitas
515 1074 613 1123 quaedam
629 1077 689 1123 atque
706 1072 822 1119 similitudo,

80 1147 130 1184 quae
141 1134 245 1174 intercedit
255 1137 307 1177 inter
318 1153 361 1178 eam
370 1141 479 1189 rationem,
493 1153 533 1190 qua
541 1140 645 1179 Israelitae
655 1153 699 1178 cum
707 1139 821 1190 Aegyptiis,

80 1207 99 1238 et
111 1214 151 1252 qna
163 1215 206 1240 cum
219 1204 310 1255 Assyriis
323 1208 479 1248 continebantur.
497 1209 529 1246 Ae
541 1207 565 1245 de
577 1207 617 1246 situ
628 1208 708 1258 quidem
720 1212 740 1245 et
750 1211 822 1245 nature

80 1269 118 1306 lieo
131 1269 216 1318 primum
228 1284 340 1323 monemus,
354 1276 408 1326 qnod
422 1275 516 1325 propriae
527 1274 630 1324 utriusque
642 1275 698 1325 regni
707 1275 764 1313 sedes
776 1286 822 1311 con-

80 1336 141 1375 ualles
153 1339 247 1376 tenebant
258 1340 298 1378 late
308 1347 410 1391 patentes,
426 1342 510 1381 modicis
525 1341 628 1380 montibus
644 1341 732 1380 inclusas
749 1346 769 1379 et
780 1353 822 1379 rna-

79 1403 123 1453 gnis
138 1404 252 1444 fluminibus
268 1420 363 1447 oceanum
374 1411 486 1459 petentibus
501 1410 607 1460 irrigatas,
624 1421 676 1459 quae
692 1409 718 1447 ad
734 1408 822 1446 indolem

80 1483 148 1509 eorum
160 1476 180 1509 et
190 1472 233 1510 fara
245 1487 366 1526 magnopere
376 1478 514 1527 pertinebant5
529 1482 571 1515 tum
587 1488 634 1514 vero
651 1481 704 1513 terra
720 1488 778 1514 sacra
793 1476 822 1513 ita

80 1539 131 1576 inter
144 1544 248 1590 utrumque
259 1542 337 1581 iacebat
348 1544 462 1593 interiecta,
478 1550 500 1582 ut
516 1544 602 1582 faucium
615 1543 763 1593 quodammodo
775 1555 822 1593 por-

81 1611 185 1656 tarumque
197 1614 273 1657 gereret
284 1610 347 1658 riees;
361 1625 411 1661 quas
424 1613 458 1662 qui
470 1611 558 1658 tenebat,
577 1623 616 1648 non
629 1611 694 1648 solum
705 1610 762 1648 firmo
774 1622 822 1659 pre-

79 1674 191 1722 pugneeulo
201 1688 268 1713 rernm
280 1677 339 1715 etiarn
350 1679 475 1728 receptaculo
488 1678 537 1718 satis
549 1683 592 1716 tuto
602 1677 706 1716 videbatur
713 1676 822 1716 instructus

80 1741 145 1787 essefl,
157 1741 178 1778 id
194 1743 248 1791 quod
261 1742 366 1783 Snnheribi
381 1746 498 1796 praesertim
516 1751 605 1795 ternpore
620 1745 664 1783 luce
675 1744 748 1783 clarius
759 1757 822 1794 eppa-

79 1808 125 1845 ruit.
144 1807 201 1846 Unde
219 1812 347 1860 repetendum
364 1819 405 1860 est,
422 1814 488 1864 quod,
505 1825 530 1850 ex
547 1824 586 1863 quo
598 1812 695 1862 Aegyptii
711 1817 730 1849 et
741 1811 823 1861 Assyrii

79 1881 148 1913 mutua
159 1876 211 1913 inter·
223 1889 244 1915 se
258 1880 375 1917 commercia
388 1886 407 1918 et
419 1880 580 1920 consuetudinem
596 1880 678 1929 iungere
695 1876 822 1929 coeperunt',

113 2004 130 2045 1)
142 2005 177 2038 Gir.
190 2006 275 2038 Morrnsn
287 2007 391 2040 Phoeniuier
403 2009 430 2049 Π,
443 2019 462 2050 a,
474 2020 490 2051 p.
500 2009 538 2042 378.

113 2063 130 2103 2)
142 2064 178 2095 Cir.
192 2063 234 2095 Hos.
247 2063 269 2104 V,
282 2065 309 2096 13.
321 2065 348 2104 X,
361 2066 377 2097 e.
401 2065 428 2098 De
440 2064 473 2096 hae
484 2074 526 2097 voce
538 2065 579 2096 satis
592 2063 671 2096 diuersae
686 2072 713 2095 vr.
726 2061 755 2094 ud.
771 2063 823 2094 exsti-

79 2124 136 2151 terunt
149 2121 249 2152 sententiae.
274 2120 322 2152 Certi
333 2121 421 2153 cniusdam
433 2120 479 2162 regis
491 2130 563 2161 nomen,
575 2121 623 2152 euius
635 2120 700 2152 nullum
711 2127 784 2159 usquam
796 2128 822 2150 re-

78 2176 144 2217 peritur
155 2177 254 2218 vestigium,
272 2177 298 2208 rel
309 2177 349 2209 ideo
362 2187 400 2210 esse
411 2178 480 2218 nequit,
496 2178 542 2218 quod
558 2177 640 2209 articulus
652 2177 712 2209 deesse
724 2186 759 2208 non
771 2176 823 2207 debe-

79 2237 114 2273 ret,
123 2232 169 2272 quod
177 2231 279 2274 iampridem
285 2232 360 2265 Resomo
370 2234 479 2276 exprobrarit
485 2235 577 2275 Liternum
589 2243 621 2266 nee
632 2233 693 2265 meiius
703 2243 734 2275 pro
743 2232 823 2265 adieci-iri

78 2291 134 2322 forma
146 2288 241 2320 habuerunt
253 2287 313 2328 Sinin,
325 2289 401 2330 Aoumr,
413 2291 496 2332 thenon„
509 2292 616 2329 Terrenus,
628 2287 710 2329 ἔνδικος,
724 2289 789 2320 vindex
800 2293 822 2320 et.

79 2346 183 2389 Simpliciter
195 2345 290 2388 explicatur
301 2351 385 2386 tanquam
393 2347 448 2378 altere
460 2349 525 2389 speeies
532 2347 585 2379 sunni
598 2356 613 2378 a.
622 2356 639 2377 r.
652 2351 695 2385 zm,
715 2345 768 2376 statui
782 2355 822 2376 eon-

79 2406 142 2435 strncto
153 2413 170 2434 v.
190 2394 230 2445 η’ὃῖᾶ
252 2402 338 2444 apposite,
348 2411 382 2443 que
390 2402 458 2444 Assyrii
466 2404 511 2446 regis
520 2403 587 2436 indoles
595 2402 706 2444 exprimatur.
718 2400 748 2433 eir.
758 2400 822 2434 Gnsnn.

79 2459 120 2491 thes.
137 2457 210 2491 Sursonn
221 2469 282 2491 eornm.
296 2460 366 2500 n.lr.l.;
383 2468 439 2499 neque
455 2470 496 2493 vero
513 2460 604 2493 statuenda
619 2463 645 2491 est
657 2457 759 2500 significatio
773 2457 822 2489 dimi⁴

78 2515 137 2555 candi,
149 2525 208 2548 rerum
221 2516 325 2557 altercandi,
338 2516 416 2556 rixandi,
428 2525 472 2557 qnae
483 2518 535 2559 longe
545 2517 659 2550 usitatissima
671 2518 706 2554 est,
719 2515 748 2547 efr.
759 2513 822 2547 eesar.

78 2572 121 2604 thes.
134 2580 149 2603 a.
157 2571 174 2602 h.
182 2583 199 2603 v.

113 2627 131 2667 3)
144 2628 179 2660 oe.
192 2627 266 2661 crena
279 2640 312 2672 syr.
326 2630 373 2672 ephr.
386 2630 441 2672 Krieg
452 2641 469 2673 p.
478 2630 505 2662 69.

112 2684 130 2725 t)
143 2684 178 2717 Otr.
190 2685 236 2717 infra
247 2697 263 2727 p.
273 2687 312 2719 129.

113 2741 130 2782 ὁ)
142 2741 178 2774 Gfr.
190 2750 229 2783 pag.
240 2743 278 2782 107,
292 2742 314 2774 ad
326 2742 363 2781 III,
377 2744 404 2775 10.

112 2798 129 2837 6)
141 2798 177 2831 oe.
189 2796 292 2830 senessia
303 2798 498 2831 Universelhistorisehe
509 2796 612 2830 Uebersioht
623 2796 641 2838 Ι,
654 2809 669 2840 p.
679 2799 718 2830 213.
739 2799 822 2830 Hunosrn.

77 2854 144 2888 Bileanr
156 2867 173 2897 p.
181 2855 220 2887 261.
237 2852 306 2886 Srnnuu
319 2853 369 2886 Gaza
380 2866 397 2896 p.
406 2855 444 2887 190.
458 2856 496 2887 191.
686 2857 694 2872 f

113 2911 129 2951 ἵ)
141 2910 231 2944 Eiusmodi
243 2910 370 2945 consuetudinis
387 2912 461 2952 vestigia
477 2912 551 2944 marime
563 2911 654 2945 XVIHVsse
667 2914 684 2943 et
695 2909 778 2943 xxiidie
792 2911 822 2952 dy-
