1889 3264
286 199 302 248 ξ.
315 201 332 236 7.
350 197 384 236 Du
396 209 474 237 ruuonn
486 209 593 237 mrrrcrnu.
757 209 814 236 axin

72 322 134 369 aiunt⁷
142 326 227 360 aetatem
236 322 395 361 vaticinabantur
402 323 414 369 ¹,
427 322 482 371 quod
491 321 557 360 decem
567 322 646 372 quidem
656 321 747 359 tribubus
755 320 816 359 inter-

72 389 172 427 necionem
190 389 215 427 ab
231 390 322 441 Assyriis
340 390 505 439 comparandam,
522 388 604 428 ludaico
621 394 686 427 autem
702 401 763 440 regno
780 403 815 428 an-

72 456 148 507 gustias
161 458 297 495 tantummodo
310 462 330 495 et
341 456 480 496 tribulationes
493 469 536 495 cum
548 457 744 507 magnificentissima
753 458 778 496 ab
790 457 815 497 iis

72 525 189 580 liberatione
199 525 277 563 futuras
294 525 421 574 praedicant,
438 537 477 576 quo
493 524 547 563 facto
563 525 603 574 ipsi
615 524 695 574 Assyrii
710 538 723 562 a
738 538 814 563 summo

50 624 52 628 ,
72 593 174 642 potentiae
185 592 267 643 fastigio
280 591 346 630 subito
359 591 429 629 deiecti
441 592 615 642 exstinguerentur
627 597 688 642 atque
697 592 814 630 delerentur.

73 659 118 708 Quo
129 659 151 697 in
163 672 234 710 genere
244 664 375 709 posteaquam
387 659 473 698 Hosnns
486 660 584 698 diversam
596 659 700 708 utriusque
717 660 774 709 regni
785 673 815 698 ra·

72 727 147 765 tionem
159 725 279 777 significarit
290 733 310 764 et
321 727 389 765 iudicii
401 727 512 775 ministros,
525 727 580 765 nullo
592 728 634 765 fere
645 726 736 776 ipsorum
747 727 816 765 habito

72 799 175 844 respectu,
191 793 313 843 nuncupavit
319 792 332 842 2,
349 794 412 842 Iona,
434 794 468 846 qui
484 795 588 833 universae
603 794 725 845 prophetiae·
736 795 817 833 brevem

74 861 220 911 quodammodo
237 861 318 900 exhibet
333 868 461 913 conspectum
467 862 481 910 ³,
500 863 588 901 universi
603 862 670 900 iudicii
688 862 754 912 specie
769 875 817 913 pro-

73 928 140 978 posita
156 928 237 967 Israelis
253 929 312 968 simul
327 929 449 979 punitionem
466 934 486 967 et
500 930 588 968 hostium
604 943 617 967 a
635 930 770 979 septentrione
787 931 817 967 in-

74 997 185 1046 gruentium
200 997 301 1034 interitum
317 997 465 1047 comprehendit
471 996 484 1034 4.
510 997 572 1036 Auos
589 997 659 1035 deinde
674 997 762 1036 hostium
776 1010 817 1035 non

73 1063 180 1102 immensas
195 1064 275 1102 omnino
288 1070 378 1103 catervas
391 1065 449 1113 vidit,
463 1064 521 1103 sicuti
533 1065 587 1113 loe'l,
605 1078 673 1103 verum
690 1071 765 1103 certam
781 1078 818 1115 po-

74 1131 117 1181 puli
129 1131 225 1181 speeiem,
239 1132 297 1182 longe
310 1133 381 1171 remoti
393 1133 494 1171 cuiusdam
507 1138 526 1170 ct
537 1132 667 1181 ferocissimi,
681 1133 736 1172 cuius
748 1138 817 1171 tamen

74 1211 146 1237 nomen
157 1199 238 1249 ignorat
244 1199 257 1238 ⁵.
278 1199 331 1238 Tum
342 1213 389 1239 vero
401 1200 484 1238 lusnurs
495 1200 571 1250 ingenti
582 1200 714 1251 Assyriorum
725 1201 816 1250 potentia

73 1266 168 1306 Israelem
180 1280 288 1318 omnesque
303 1268 345 1306 fere
360 1273 429 1318 gentes
444 1274 549 1317 superatas
565 1267 663 1317 conspicit
679 1274 739 1319 atque
755 1268 816 1306 truci-

75 1334 144 1381 datas,
160 1334 228 1373 divina
244 1340 309 1373 autem
325 1335 479 1385 omnipotentia,
497 1347 548 1385 quae
560 1339 639 1374 tueatur
650 1335 746 1383 ludaeos,
762 1335 819 1385 ipsos

74 1402 140 1452 frangi
153 1406 213 1451 atque
225 1403 318 1440 contundi
324 1417 330 1449 3
344 1407 363 1441 et
374 1415 425 1453 quae
438 1402 521 1452 siugulis
530 1403 571 1441 fere
580 1402 667 1441 numeris
677 1403 745 1441 divino
755 1403 819 1441 elatus

75 1469 147 1520 spiritu
161 1469 299 1519 praedixerat,
317 1483 340 1507 ea
360 1471 401 1509 suis
416 1470 460 1519 ipse
477 1470 539 1509 oculis
555 1470 715 1520 splendidissime
732 1471 818 1525 evenire,

76 1543 95 1575 et
105 1537 122 1575 si
133 1549 173 1574 non
186 1538 266 1585 confici,
283 1546 349 1575 tamen
365 1544 457 1576 eventum
470 1550 537 1576 eorum
549 1538 630 1587 plenum
641 1537 723 1575 iamiam
734 1538 822 1587 incipere

76 1603 144 1642 viditff.
170 1604 248 1642 Eodem
265 1610 354 1654 tempore
365 1605 437 1642 Mrcrrs
448 1604 534 1643 Iudaeos
554 1617 601 1654 erga
617 1604 728 1642 Dominum
750 1611 819 1643 contu-

75 1684 140 1710 maces
152 1672 196 1709 fore
209 1678 230 1710 ut
241 1671 374 1721 Babyloniam
387 1672 495 1722 aliqnando
511 1671 674 1719 abducerenturl,
692 1673 717 1709 ab
727 1672 818 1723 Assyriis

110 1834 127 1874 1)
140 1834 214 1875 Copiose
226 1838 244 1865 et
259 1834 354 1865 luculenter
371 1833 392 1865 de
408 1834 467 1866 indole
483 1839 500 1865 et
516 1835 584 1865 ratione
595 1834 613 1865 ll.
628 1834 777 1876 propheticorum,
792 1836 823 1875 qui

75 1891 150 1932 Assyria
165 1893 222 1922 aetate
238 1891 329 1932 conscripti
344 1894 393 1931 sunt,
410 1890 503 1932 disputavit
518 1889 624 1930 Cssrmuus,
639 1890 683 1922 iiber
699 1890 758 1923 Mieha
774 1890 822 1932 11.ssss

77 1948 126 1980 -74
137 1951 181 1979 nott.

111 2004 128 2044 2)
141 2004 176 2037 Otr.
188 2003 231 2035 Hos.
243 2003 262 2043 Ι,
275 2004 291 2035 b.
305 2004 320 2034 7.
329 2002 414 2042 —VHL
428 2003 454 2034 13.
470 2003 506 2042 LX,
519 2003 535 2034 3.
548 2002 564 2034 b'.
580 2002 617 2042 XI,
629 2003 639 2035 5
653 2002 682 2034 all.

112 2061 129 2102 3)
141 2060 225 2102 Appositc
238 2058 289 2091 ense.
301 2059 313 2090 l.
323 2060 334 2090 l.
347 2070 363 2101 p.
374 2060 396 2091 70
408 2063 504 2091 asseverat:
519 2058 580 2099 „loel's
592 2057 640 2092 Buch
653 2059 685 2100 ist,
697 2069 717 2091 so
730 2068 752 2090 nu
763 2059 823 2100 sagea,

78 2118 108 2149 das
124 2116 226 2158 Programm
244 2116 275 2148 der
291 2115 390 2158 Propheten
407 2115 437 2147 der
453 2117 561 2156 assyrischen
573 2116 621 2156 Zeu,
635 2116 655 2157 ja
671 2115 702 2147 der
716 2119 823 2155 gesammten

78 2172 186 2216 Prophetie.“

112 2231 130 2271 4)
142 2229 177 2261 Otr.
189 2227 227 2260 roei
238 2228 268 2268 Π,
281 2228 361 2261 19—2‘2.

115 2287 132 2328 ὁ)
144 2285 180 2318 Cir.
192 2285 233 2317 Am.
246 2284 281 2325 VI,
295 2286 322 2316 14,
338 2285 361 2324 V,
374 2286 401 2316 27.

114 2343 131 2383 6)
143 2342 179 2376 Cir.
191 2342 225 2374 Ics.
237 2341 261 2381 X,
269 2340 339 2374 5-34.
351 2340 402 2381 XIV,
411 2341 492 2373 24-27.
504 2340 596 2381 riuum.
604 2342 631 2373 14.
643 2339 717 2380 XXIII,
726 2339 751 2371 13.
763 2338 824 2378 XXX,

80 2400 161 2433 sr-aa.
174 2398 246 2437 xxm,
259 2399 274 2430 s.
288 2398 304 2430 a.
316 2396 408 2437 rrum,
421 2398 436 2429 r.
449 2386 539 2438 mrx'ur,
551 2397 642 2430 rrrrvrr
653 2397 699 2438 (vr.
712 2394 800 2435 ‘rr-as).

114 2456 131 2494 7)
143 2455 259 2496 Posteaquam
270 2454 372 2487 iamdudum
383 2455 453 2487 fuerunt
465 2455 541 2495 inventi,
554 2455 583 2496 qui
594 2454 647 2487 Mich.
660 2454 678 2494 Ι,
686 2453 757 2486 846.
769 2452 797 2492 Π,
807 2453 824 2484 4.

81 2515 108 2545 10.
120 2512 158 2552 ΠΙ,
170 2513 201 2552 12,
214 2521 234 2543 ac
246 2512 347 2553 praesertim
358 2511 391 2552 IV,
404 2511 414 2544 9
427 2512 563 2553 asportationenr
575 2511 644 2543 Iudaeis
657 2510 678 2542 ab
691 2509 777 2550 Assyriis,
789 2518 826 2540 non

81 2569 199 2610 aBabyloniis
210 2568 286 2600 futuram
298 2569 374 2610 praediti
387 2569 504 2610 opinarentm,
515 2568 609 2600 novissime
616 2567 711 2600 Casperius
723 2565 734 2596 l.
743 2565 755 2595 l.
767 2573 783 2605 p.
792 2564 825 2596 159

81 2625 141 2657 —183
157 2624 230 2656 eandem
246 2626 350 2657 sententiam
366 2625 493 2657 accuratissime
509 2623 597 2663 defendit3
611 2623 652 2654 licet
668 2631 725 2653 antem
739 2620 827 2662 permulta

82 2682 150 2723 egregie
162 2681 261 2722 exposuisse
274 2681 356 2714 dicendus
369 2683 399 2721 sit,
415 2686 473 2713 tamen
489 2683 591 2721 argumenta
603 2681 639 2711 eins
651 2687 756 2720 magnopere
768 2686 826 2710 cense-

81 2748 119 2771 mus
131 2736 254 2779 improbanda,
266 2739 368 2779 praesertim
375 2748 414 2770 cum
421 2737 496 2770 idoneae
503 2738 623 2769 vaticiniorum
631 2736 696 2767 rationi
705 2741 756 2777 atque
769 2739 827 2767 ancto-

82 2796 130 2827 ritati
141 2794 210 2826 officere
221 2792 322 2833 vicesimum
334 2794 369 2826 imo
382 2803 427 2836 qnae
439 2798 499 2826 contra
511 2802 560 2825 suam
572 2792 676 2824 sententiam
684 2793 751 2825 moneri
757 2791 827 2833 quidem

82 2861 133 2893 posse
145 2852 178 2891 ait,
195 2850 225 2882 sed
239 2849 315 2881 refutare
327 2854 399 2882 conatus
412 2854 447 2891 est,
462 2860 484 2882 ea
495 2849 564 2881 fortiter
576 2848 691 2879 sustentanda
703 2848 826 2880 existimamus.
845 2846 847 2851 '

83 2908 133 2941 Prius
145 2918 186 2940 vero
199 2915 250 2949 quam
262 2906 394 2948 disputationem
404 2908 440 2939 eius
451 2907 579 2946 examinemus,
592 2904 689 2937 notandum
696 2904 769 2944 videtur,
782 2904 828 2946 quod

669 2960 695 2992 γὲ(
