1889 3264
89 145 116 189 ib'
370 148 418 188 Car.
428 150 448 198 I,
461 163 479 188 v.
490 152 542 188 2-6.

85 273 202 323 pretationi,
219 274 254 312 sed
266 273 377 325 theologiae
389 275 518 325 propheticae
530 275 664 326 quaerendum
676 282 737 327 atque
748 277 829 316 investi—

86 339 173 391 gandum
189 348 230 389 est3
246 354 286 393 qno
301 342 322 379 in
337 354 409 393 genere
426 355 465 380 non
481 342 574 381 universa
590 343 654 381 solnm
670 343 768 382 visionum
785 358 829 395 per-

86 409 194 447 scrutanda
205 414 277 448 natura
289 416 328 457 est,
341 411 376 448 sed
388 422 455 448 ournes
468 410 548 449 onmino
561 410 586 449 V.
595 411 639 459 Ti,
656 411 690 462 qni
702 412 739 450 huc
751 413 829 461 cadant,

85 477 123 515 loci
144 483 236 515 accurrate
258 477 384 517 examinandi
400 486 460 529 atque
480 479 531 516 inter·
551 491 572 517 se
589 479 720 517 contendendi
737 485 789 518 sunt.
806 504 830 508 —

86 544 163 593 Quibus
176 551 271 596 quantum
286 546 329 584 fieri
341 546 415 597 potuit,
432 546 518 598 brevitor
534 546 655 597 indigitatis,
674 547 698 585 ad
713 548 831 598 interpreta-

85 613 160 651 tionem
171 614 236 663 ipsam
249 626 360 664 pergamus.

398 825 401 828 ¹
424 796 442 820 v.
455 784 489 821 ab.

122 886 217 923 Dominus
229 906 253 911 -
265 886 285 921 ia
297 884 370 922 turbiue
386 891 404 922 et
415 885 501 935 procella
512 886 545 922 am
560 887 608 931 eirca,
624 891 642 922 et
652 885 708 923 nichea
720 886 784 934 pulmo
797 898 832 936 pa—

87 955 131 992 (lum
144 956 188 992 ciras.
208 963 270 1000 anan,
282 966 300 990 a.
314 965 329 990 r.
343 963 378 1002 {pn
390 965 471 1004 rapere,
483 953 571 1002 auferre,
584 953 681 991 turbinem
691 954 758 992 omnia
766 966 833 992 secum

87 1022 198 1073 rapientem
218 1020 322 1072 significat.
352 1020 413 1059 LXX
431 1021 493 1060 Arab.
515 1016 538 1060 ἐν
557 1017 682 1077 συνῑελείςε,
705 1022 726 1059 in
747 1022 832 1070 excidio,

89 1091 155 1129 nescio
168 1104 194 1128 an
209 1090 247 1139 aab
264 1087 348 1139 legerint
359 1102 396 1139 pro
408 1100 486 1141 prof
494 1097 530 1144 Vp.
560 1091 620 1130 flavin
627 1089 664 1128 Iob
673 1090 716 1138 IX,
730 1092 762 1139 17,
785 1100 833 1132 auu>

89 1159 127 1198 les.
137 1157 236 1205 XXVIII,
249 1160 266 1204 2,
279 1156 323 1195 aliia
335 1157 376 1195 fore
387 1156 437 1195 locis
452 1165 493 1197 *11²0
508 1158 554 1195 Am.
563 1156 580 1205 I,
594 1159 622 1205 14,
635 1167 692 1217 ,Ἤρ
706 1157 833 1207 Ies.XXIX,

89 1231 111 1275 c,
125 1238 183 1286 ¹7¹¹,ssss
198 1225 268 1276 anag.
277 1225 308 1274 II,
322 1228 341 1272 1,
354 1224 443 1276 procella
455 1230 494 1273 est,
511 1224 572 1263 LXX
583 1224 648 1263 minus
659 1213 731 1264 iterum
743 1232 835 1265 accurate

90 1290 114 1333 ἐν
129 1288 257 1346 συσσείσμῳ
275 1292 320 1343 (vel
336 1287 420 1346 oat'opip
441 1291 491 1331 Oou.
503 1293 588 1345 Alea),
608 1295 792 1343 sementaricia„
813 1295 834 1332 in

91 1369 156 1400 terrae
170 1367 231 1400 motu.
261 1360 351 1411 Utraque
370 1373 411 1398 vox
429 1360 457 1399 sic
477 1360 549 1411 legitnr
564 1360 598 1399 Ps.
608 1359 731 1410 LXXXIII,
745 1365 776 1410 163
795 1362 834 1401 Ies.
876 1365 882 1368 ”

91 1429 176 1478 XXIX,
193 1433 210 1467 G.
246 1440 294 1473 anm
314 1428 375 1467 Hira.
391 1428 433 1466 sein
448 1429 593 1479 Wegmachen,
608 1428 643 1466 inf.
659 1429 702 1478 Pi,
721 1435 743 1468 at
760 1430 835 1468 nullum

88 1498 149 1537 huins
166 1498 220 1536 verbi
235 1498 257 1535 in
269 1497 319 1535 coni.
332 1496 376 1534 Piel
392 1496 460 1535 usitati
472 1502 529 1535 extat
540 1497 662 1546 exemplum3
679 1498 733 1535 viam
749 1511 786 1548 pro
803 1511 836 1536 ra-

90 1567 145 1604 tione
157 1571 176 1604 et
187 1566 247 1604 modo
259 1564 332 1615 agendi
344 1564 417 1602 dictam
428 1565 574 1615 metaphorice,
587 1565 637 1602 bene
648 1570 705 1603 notat
716 1565 834 1604 VATABLUS.

88 1632 213 1684 Saepissime
225 1638 291 1672 autem
302 1632 340 1670 hac
353 1631 480 1671 similitudine
491 1631 615 1671 vehementia
625 1632 715 1682 pingitur
726 1646 835 1684 poenarum

90 1707 110 1739 et
122 1701 267 1748 calamitatum,
280 1700 315 1738 civ.
324 1699 362 1737 Iob
370 1699 412 1746 IX,
426 1703 458 1747 173
470 1700 508 1738 Ies.
516 1699 595 1747 LXVI,
609 1701 639 1746 15;
652 1700 690 1739 Ier.
700 1701 794 1750 XXXII,
806 1704 835 1748 aa

92 1769 175 1818 XLIX,
185 1771 221 1817 363
239 1769 274 1807 ΕΖ.
284 1768 305 1816 I,
316 1770 338 1815 43
353 1767 388 1806 Pa.
397 1766 424 1815 L,
437 1770 458 1815 ὃς
474 1767 511 1806 Iob
519 1767 561 1815 IX,
574 1770 601 1805 17.
618 1789 643 1794 —
664 1764 717 1811 ibat
728 1777 836 1821 paapuv,

91 1842 146 1875 atras
158 1838 221 1876 nubes
232 1837 308 1875 excitat
318 1835 432 1873 incedendo.
456 1834 516 1874 Nube
529 1834 632 1874 involutus
647 1835 696 1873 deus
711 1835 732 1872 in
748 1841 836 1874 montem

92 1904 148 1944 Sinai
169 1904 271 1943 deseendit
289 1903 356 1941 arod.
369 1903 431 1950 XIX,
453 1907 480 1941 lt.
498 1905 528 1950 183
548 1902 611 1953 legem
631 1902 766 1953 promulgavit
784 1913 835 1952 *amn

91 1969 170 2013 baiam
186 1981 233 2022 pan
249 1981 309 2019 tamt,
325 1970 345 2008 in
361 1971 413 2008 nube
424 1971 520 2009 victorem
535 1971 626 2020 praeibat
637 1969 707 2020 populi
720 1970 835 2019 exercitum,

92 2038 197 2077 habitabat
212 2052 273 2088 super
293 2050 340 2076 arca
355 2037 452 2086 foederis,
470 2038 532 2076 nubes
549 2037 630 2075 omnino
643 2037 763 2075 couniantur
779 2039 837 2076 deum

92 2106 118 2144 ad
129 2106 223 2144 indicium
235 2105 346 2143 venientem
358 2110 377 2143 et
387 2105 450 2143 filium
462 2105 504 2144 eius
515 2105 554 2144 Ias.
564 2104 626 2152 XIX,
639 2108 660 2152 23
672 2104 707 2143 Ps.
716 2104 802 2153 XCVII,
814 2108 836 2153 2;

93 2173 147 2222 CIV,
159 2176 180 2221 33
196 2172 249 2211 Dan.
259 2172 308 2222 VII,
326 2176 357 2220 143
372 2172 477 2211 involvunt
492 2173 554 2211 nubes
569 2173 643 2210 laetum
659 2171 708 2212 solis
727 2179 836 2223 aspectum,

92 2247 112 2280 et
124 2241 203 2292 fulgura
214 2242 235 2279 in
248 2253 269 2279 se
284 2240 411 2291 tonitruaque
427 2249 510 2292 gerunt,
526 2241 598 2293 quibus
609 2240 743 2291 percelluntur
754 2241 838 2279 malefici

92 2310 127 2349 Ps.
138 2309 220 2358 XVIII,
236 2323 255 2350 v.
266 2312 294 2347 10.
313 2312 333 2346 12
344 2322 381 2357 sa,
402 2309 550 2348 similitudmem
566 2321 613 2359 ergo
630 2309 727 2359 praebent
741 2309 838 2347 atrocium

94 2378 177 2415 Domini
187 2377 306 2415 iudiciorum
317 2376 360 2415 Ioel
368 2377 399 2425 II,
411 2380 422 2414 2
437 2374 500 2419 'anam
516 2386 548 2428 pu
562 2387 605 2429 naa,
621 2377 682 2426 Zeph.
692 2376 708 2425 I,
722 2377 753 2424 15;
765 2377 837 2415 Erech.

94 2445 194 2494 XXXIV,
207 2448 223 2482 2.
243 2444 299 2494 Quae
311 2458 355 2483 cum
364 2449 404 2483 tam
413 2449 483 2495 aperta
495 2445 521 2484 sit
531 2444 624 2495 imaginis
636 2444 699 2493 ratio,
712 2444 766 2484 nullo
778 2445 838 2484 modo

93 2527 138 2552 oum
158 2513 285 2552 Kirnnrnvio
306 2513 339 2552 all.
361 2514 497 2563 metaphoram
522 2527 534 2552 a
555 2513 604 2551 duce
628 2512 699 2550 bellico
719 2520 837 2564 repetemus,

94 2582 175 2632 agmina
186 2583 208 2619 in
219 2582 281 2620 aciem
294 2582 397 2630 educente,
411 2595 450 2633 quo
463 2581 544 2632 insuper
556 2580 621 2619 omnis
636 2581 772 2632 exemplorum
784 2581 838 2621 simi-

93 2650 142 2688 lium
153 2650 260 2700 negligihn·
270 2650 370 2700 analogia.
