1889 3264
281 202 297 250 ᾗ.
310 202 327 238 5.
346 200 379 239 Da
391 211 456 238 icarus
469 200 611 238 Assrmounn.
785 209 819 235 mx

78 337 124 363 narn
137 328 158 362 ut
174 338 218 363 oum
231 325 337 376 Aegyptiis
355 330 398 362 tuto
414 328 483 373 posset
500 323 616 372 confligere,
633 322 821 373 Hierosolymorum

78 391 178 442 praesidio
190 393 226 431 niti
238 394 332 440 debebat3
350 391 410 442 idque
423 403 446 427 eo
459 389 533 439 magis,
550 403 594 427 cum
606 390 752 441 Aegyptiorum
765 402 822 428 exer-

79 460 145 509 citum,
156 461 172 501 si
179 461 228 500 fides
235 461 328 499 habenda
336 465 366 497 est
375 457 481 496 annalibus
491 457 516 495 ab
526 456 571 506 ipso
582 468 628 508 rege
635 458 757 507 perscriptis,
768 458 822 508 apud

78 527 209 568 Lachiseham
219 529 260 568 iam
272 525 403 578 superassem,
427 531 446 564 et
462 523 588 573 Thirrhaka,
605 525 752 576 Aegyptiorum
768 526 822 575 prin-

79 702 143 735 Athen.
155 704 167 734 l.
177 703 198 743 l.·,
211 702 266 734 altero
278 702 316 735 loco
328 702 401 735 habetur
414 700 463 742 800),
474 701 503 734 the
516 701 634 735 accumulated
645 700 709 734 wealth
722 701 742 733 oi
752 701 780 733 the
792 711 823 733 no·

80 759 116 791 bles
128 758 148 790 oi
158 758 290 802 Chanakijahu's
303 763 360 801 court,
376 757 411 792 and
424 759 444 791 of
453 758 498 791 their
510 758 612 801 daughters,
628 757 672 790 with
683 758 713 790 the
725 758 792 805 officers
805 759 824 790 of

79 816 105 848 his
117 816 186 858 palaea,
199 825 239 848 men
251 815 306 848 slaves
320 816 354 848 and
365 825 434 848 women
447 815 508 848 slaves.
531 815 541 847 Ι
556 814 662 847 returned
679 819 699 847 to
711 814 823 854 Nineveh,

80 871 115 903 and
127 871 137 903 1
149 871 243 904 accounted
254 871 288 904 this
300 872 344 915 spoil
355 872 383 905 ior
395 872 424 904 the
436 872 499 904 tribute
511 871 568 904 which
583 872 605 904 hc
620 873 690 905 refused
701 877 720 905 to
731 882 765 915 pay
777 872 821 905 me‘

81 926 139 969 Quae,
151 928 180 962 ubi
192 928 307 970 detrahimus,
318 939 362 970 quae
374 929 396 960 ob
409 937 473 960 vanam
484 928 550 969 gloriae
561 928 671 961 iactationem
682 930 785 971 amplificata
794 939 823 971 ap-

81 990 151 1027 parent,
167 991 272 1028 quantopere
289 987 380 1018 concinant
395 996 432 1018 oum
450 984 771 1026 aaeg.xvrrr‚v.t.1a14.15,
787 987 824 1019 luce
853 975 855 977 Ι

81 1042 143 1074 clarius
155 1044 261 1085 perspicitur.
285 1042 367 1075 Ceterum
378 1044 446 1075 videtur
457 1041 571 1083 monendum,
586 1041 718 1075 Rsvvmusonmn
729 1053 785 1085 neque
797 1053 824 1075 ar-

81 1102 201 1140 gumentorum
213 1100 289 1144 pondere
301 1110 356 1143 neque
368 1101 441 1133 aliorum
457 1109 483 1132 vv,
496 1098 524 1131 dd.
542 1109 626 1132 consensu
638 1109 705 1141 carere,
724 1110 761 1132 cum
777 1100 824 1142 pala-

81 1155 125 1187 tium
137 1156 283 1202 Koyundjucense
295 1169 306 1191 a
315 1157 411 1192 Sanheribo
424 1155 512 1189 conditum
524 1157 610 1189 existimet
623 1161 639 1189 et
651 1158 710 1189 titulos
723 1157 744 1188 ab
756 1157 787 1189 illo
799 1157 823 1189 ibi

82 1221 119 1244 esse
130 1214 230 1256 inscriptos,
245 1226 303 1248 verum
315 1216 408 1248 ansnnun
420 1217 438 1246 et
449 1212 532 1245 Huiusmn
546 1213 597 1255 plane
612 1213 659 1246 idem
673 1214 759 1254 iudicare,
776 1214 825 1246 sicuti

36 1289 38 1291 >
81 1268 162 1302 Hrnnsms
175 1275 192 1303 et
204 1272 342 1315 ipseSarginam
353 1281 409 1304 novae
421 1270 512 1312 dynastiae
524 1273 612 1302 arrctorem
619 1280 656 1303 esse
665 1272 758 1303 existimat.
776 1271 825 1303 illiri-

82 1324 115 1356 tioa
127 1330 184 1359 antem
199 1329 216 1361 ll.
230 1339 251 1362 ss.
267 1329 384 1372 comprobatio
402 1328 433 1359 iila
445 1327 532 1369 quomodo
545 1326 664 1368 confirmetur,
679 1338 689 1360 c
704 1338 750 1360 nova
765 1338 826 1360 monu-

82 1386 180 1416 mentorum
195 1395 206 1417 a
220 1385 316 1419 Sanheribo
332 1385 440 1418 conditorum
456 1384 565 1424 collectione,
586 1393 636 1426 quam
652 1385 697 1426 typis
713 1385 747 1417 iam
763 1385 825 1418 excudi

83 1447 134 1480 supra
147 1440 221 1475 diximus
233 1453 272 1486 pag.
281 1443 368 1477 XXXIII.
380 1445 422 1483 not,
435 1440 552 1484 quaerendum
564 1441 601 1473 erit.
683 1436 685 1439 ’

117 1497 135 1537 1)
146 1497 175 1530 Ita
187 1500 233 1531 enirn
246 1502 310 1543 optime
323 1500 414 1533 difficultas
425 1498 457 1530 illa
469 1497 546 1543 expediri
562 1497 612 1529 nohis
627 1506 678 1539 posse
690 1497 766 1539 videtur,
782 1509 826 1540 quae

84 1556 162 1585 versatur
173 1556 192 1587 in
205 1562 266 1589 eventu
278 1558 355 1590 vaticinii
367 1556 400 1589 Ies.
413 1554 458 1594 XX,
470 1565 485 1585 v.
498 1553 557 1585 4—6.
578 1553 686 1586 Praedicitur
698 1555 721 1586 ibi
734 1556 827 1588 secundum

84 1609 151 1650 signum
165 1612 183 1643 in
195 1613 242 1645 nuda
254 1614 321 1647 Iesaiae
333 1612 449 1646 ambulatione
461 1610 567 1652 propositum
579 1611 678 1652 Aegyptum
691 1615 708 1643 et
716 1612 827 1654 Aethiopiam

86 1666 136 1707 (quae
149 1666 179 1701 sub
192 1669 251 1702 eodem
264 1680 304 1713 rege
316 1674 357 1702 tunc
368 1670 469 1701 coniunctae
481 1666 538 1706 erant)
553 1667 574 1699 ab
587 1668 664 1709 Assyriis
680 1678 718 1700 cum
732 1670 828 1711 ignominia

86 1723 168 1757 abductas
183 1727 221 1759 iore
236 1728 254 1759 in
270 1727 396 1769 captivitatem,
412 1725 438 1756 ita
452 1727 471 1755 nt
482 1722 543 1755 Iudaei
559 1723 586 1764 (id
603 1724 648 1766 quod
663 1728 713 1766 eaput
724 1726 749 1757 rei
762 1725 798 1766 est)
811 1728 830 1759 in

87 1781 152 1814 auxilio
164 1792 223 1816 eorum
235 1784 299 1816 frustra
310 1782 421 1816 confiderent.
444 1780 482 1812 iam
494 1789 536 1811 vero
548 1781 600 1812 trium
612 1791 696 1814 annorum
711 1785 778 1816 notatio
793 1784 829 1816 v.3

87 1841 133 1869 certo
145 1838 168 1870 ad
180 1840 247 1873 iesaiae
264 1841 331 1882 signum
346 1838 455 1872 referendum
473 1841 507 1878 est3
523 1841 579 1879 potest
595 1842 652 1870 autam
667 1839 719 1871 etiam
734 1839 757 1872 ad
770 1840 830 1882 Aegy-

87 1894 161 1934 ptiorum
174 1897 240 1930 cladem
253 1897 328 1930 futuram
341 1896 392 1929 simul
403 1896 495 1938 pertinere.
508 1894 546 1926 Iam
557 1896 629 1927 veroin
642 1895 731 1928 annalibus
743 1896 777 1929 illis
786 1896 830 1930 San-

87 1949 143 1984 heribi
155 1953 198 1987 haec
208 1955 289 1997 legimus:
307 1953 356 1996 ,The
367 1952 419 1994 hings
431 1951 450 1984 of
460 1952 517 1994 Egypt
529 1951 566 1983 also
579 1956 617 1984 sent
627 1952 719 1984 horsemen
735 1952 769 1985 aud
785 1954 830 1986 foot-

88 2017 137 2049 men,
151 2009 245 2054 belonging
261 2015 278 2044 to
294 2011 323 2043 the
336 2020 384 2051 army
396 2008 455 2042 nithe
467 2007 510 2049 king
524 2007 544 2040 oi
554 2008 636 2041 Mirnlrha
647 2009 713 2051 (Merot
726 2020 746 2042 or
758 2010 831 2045 Aethio-

87 2065 131 2106 pia),
143 2066 163 2098 of
173 2068 229 2101 which
242 2069 271 2101 the
282 2067 365 2100 numbers
381 2066 433 2099 could
444 2071 475 2100 not
486 2067 508 2099 be
520 2066 599 2099 counted.
614 2065 636 2098 In
647 2066 677 2099 the
688 2066 832 2108 neighbourhoud

88 2122 108 2154 of
118 2122 147 2156 the
159 2126 194 2166 city
205 2125 286 2164 Allalrhis
298 2123 384 2166 (Lachish)
396 2124 406 2156 I
419 2123 479 2167 J'oincd
494 2124 549 2157 battle
565 2123 609 2156 with
624 2123 676 2156 them.
700 2123 738 2156 The
754 2126 831 2167 captains

88 2179 108 2211 of
118 2179 147 2212 the
159 2181 228 2214 cohorts
240 2182 274 2214 and
286 2181 315 2215 the
327 2191 386 2225 young
397 2192 437 2214 men
449 2181 469 2214 of
479 2181 508 2213 the
519 2180 572 2223 kings
584 2180 604 2212 ot
613 2180 680 2222 Egypt,
696 2181 732 2213 and
748 2182 776 2214 the
792 2192 831 2225 eap-

89 2237 133 2269 tains
146 2237 166 2270 oi
176 2237 205 2270 the
217 2238 285 2271 cohorts
298 2240 318 2272 of
328 2239 357 2271 the
369 2238 412 2281 king
424 2238 444 2270 of
454 2237 544 2279 „Merotf‘
561 2237 571 2269 Ι
581 2241 613 2279 put
624 2242 642 2269 to
654 2238 683 2270 the
695 2238 754 2271 srvord
770 2239 788 2271 iu
804 2240 832 2272 the

88 2298 161 2337 country
173 2295 193 2327 of
201 2294 274 2328 Lobana
285 2295 387 2337 (Lihnah).“·
399 2294 428 2328 cfr.
443 2294 504 2327 Rana.
521 2293 599 2326 Ouilines
613 2304 629 2335 p.
638 2294 715 2327 XXXV.
740 2293 805 2334 Quibus
818 2298 832 2328 si

89 2349 132 2383 fides
144 2352 214 2384 omnino
226 2356 252 2384 est
263 2352 353 2393 habenda,
369 2352 469 2384 vaticinium
481 2351 524 2383 illud
536 2350 613 2391 Iesaiae,
629 2351 676 2383 ouius
688 2355 759 2384 eventus
774 2353 832 2384 nullus

25 2452 27 2457 ἲ
89 2406 146 2440 adhuc
161 2412 229 2450 poterat
244 2410 315 2451 probari
329 2407 492 2450 (ocimum,
505 2409 515 2440 8
528 2417 550 2440 ss.
570 2406 599 2439 cfr.
614 2407 661 2439 infra
677 2407 766 2450 pilsssal
781 2410 833 2452 plane
894 2426 898 2430 ·

90 2463 186 2497 confectum
199 2470 232 2508 est;
244 2476 285 2499 nam
296 2467 423 2510 Aegyptiorum
434 2466 497 2508 copiis,
513 2474 557 2507 qnae
568 2465 641 2507 primum
653 2464 768 2506 advenerunt,
783 2466 832 2509 fuga·

90 2521 122 2561 tis,
135 2523 177 2554 satis
189 2533 273 2566 superque
284 2524 381 2567 intelligere
394 2523 480 2556 debebant
491 2522 561 2562 Iudaei,
575 2521 596 2553 ab
608 2521 643 2554 illis
655 2521 739 2554 auxilium
751 2522 784 2554 sibi
795 2523 833 2555 nul-

90 2578 125 2610 lum
138 2581 272 2620 exspectandum
288 2591 335 2622 esse3
351 2585 368 2612 et
385 2581 411 2613 vel
427 2583 494 2621 tempus
509 2579 630 2621 praestitutum
645 2579 723 2611 evenisse
737 2580 833 2620 putandum

91 2639 145 2676 esset,
168 2636 182 2667 si
203 2636 248 2669 forte
267 2636 350 2680 Sargonis
368 2637 454 2679 expeditio
473 2635 555 2669 adversus
568 2635 659 2668 Asdodnm
677 2638 754 2667 extremo
766 2634 834 2669 Salma-

91 2693 166 2724 nassan's
179 2702 224 2725 anno
236 2692 282 2726 faeta
294 2697 349 2735 esset,
366 2704 404 2727 cum
415 2692 461 2726 IIIio
475 2702 520 2725 auno
533 2691 617 2726 Sanherib
629 2692 746 2725 Palaestinam
758 2694 834 2727 intravit.

91 2748 151 2791 quue
162 2749 218 2791 magis
230 2750 364 2791 comprobantur
374 2750 460 2784 Rabsairis
473 2749 534 2790 verba,
550 2750 579 2792 qui
591 2749 691 2792 Aegyptum
704 2748 749 2781 dixit
761 2760 834 2783 cannam

92 2807 140 2847 quasi
153 2806 256 2839 subtractam
268 2816 306 2838 esse
321 2806 395 2849 (vaxati
411 2807 483 2851 alprih
495 2806 592 2839 Tirrhalrae
600 2811 657 2839 autem
668 2807 778 2839 iactationem
786 2807 835 2839 illam

92 2862 129 2902 (cir.
141 2872 180 2905 pag.
189 2863 229 2904 100)
246 2866 262 2895 et
274 2863 359 2895 Herodoti
375 2865 492 2897 narrationem
509 2864 531 2896 dc
543 2864 585 2906 fuga
600 2864 712 2906 Assyriorum
728 2864 781 2905 probe
797 2875 834 2898 cum

92 2919 126 2951 illis
138 2920 218 2963 coniungi
233 2929 283 2962 posse
295 2924 351 2962 patet,
367 2921 419 2954 niodo
436 2925 543 2963 reputemus,
559 2921 624 2954 cladem
641 2920 718 2960 Assyriis
735 2930 745 2953 a
759 2920 836 2954 Domino
