1889 3264
152 151 180 178 xri
385 138 550 174 Paorseonaua.
570 135 618 174 Gar.
631 137 657 174 Η,

154 267 237 314 pareant
252 261 363 307 ret'erenda3
379 266 421 299 tum
438 274 496 309 rero,
513 261 559 299 lieet
577 259 638 298 multa
653 271 689 308 per
705 260 771 299 secula
789 260 896 311 Assyrium

154 341 226 369 nomen
238 329 257 367 in
269 329 289 366 H.
302 341 328 367 ss.
341 341 382 367 non
393 329 515 379 reperiatur,
529 342 551 367 eo
564 335 629 367 tamen
641 332 741 376 tempore,
754 341 793 378 quo
806 329 832 367 ad
844 341 896 366 sum-

154 410 207 435 murn
222 397 324 446 potentiae
339 396 443 447 fastigium
459 398 521 435 evecti
537 396 603 436 subito
619 395 644 434 ad
660 395 760 432 interitum
778 396 897 445 praecipites

127 474 129 476 “
154 476 236 514 vergere
248 470 366 515 coeperunt,
379 465 428 503 satis
442 465 522 515 copiose
534 464 674 514 suppeditant,
692 475 743 513 quae
755 463 780 500 ad
792 463 896 501 historiam

155 545 224 570 eorum
236 534 299 582 probe
311 533 466 570 concinnandam
478 533 595 582 pertineant.

190 601 219 638 At
230 613 277 638 vero
290 605 378 638 veterum
391 599 509 649 scriptores,
525 600 558 650 qui
571 605 682 649 temporum
695 598 824 648 Assyriorum
836 598 897 634 ratio-

156 680 191 706 nes
203 667 329 717 potissimum
341 673 504 715 composnerunt,
522 667 536 704 ii
552 667 619 705 multis
636 667 721 717 primum
736 666 807 704 seculis
824 665 856 702 vel
872 666 897 703 ab

157 748 226 774 everso
239 747 299 785 regno
312 735 427 781 abfuerunt,
440 747 476 772 neo
488 740 553 771 utrum
563 734 675 772 domesticis
684 747 752 771 corum
761 733 850 771 fontibus
858 732 897 782 ipsi

157 803 230 841 fuerint
240 802 282 849 usi,
299 814 336 851 pro
349 806 402 840 certo
415 801 511 848 affirmari
523 807 599 851 potest;
615 814 679 852 neque
691 814 738 839 uero
755 801 804 839 fides
821 801 846 839 iis
858 813 898 838 non

157 882 230 920 magna
241 870 334 907 habenda
345 875 408 916 essct,
426 870 506 920 siquae
523 869 619 908 Banosus
636 876 655 907 et
672 870 785 906 Aarounus
806 882 816 906 e
831 869 898 918 Baby-

157 938 268 985 loniorum,
282 937 369 975 Crustas
383 937 509 976 ePersarum
526 937 598 976 tabulis
613 936 698 987 publicis
711 936 829 984 elicuerunt,
842 948 899 974 accu—

158 1011 201 1043 rate
213 1011 280 1044 essent
291 1004 391 1054 descripta
402 1010 463 1054 atque
474 1005 565 1055 ipsorum
576 1005 668 1043 manibus
681 1010 764 1042 exarata
772 1004 798 1042 ad
806 1017 843 1043 nos
854 1017 899 1054 per—

158 1073 268 1120 uenissent,
290 1078 311 1110 at
331 1085 379 1110 uera
397 1072 454 1111 falsis
475 1085 596 1122 magnopere
613 1072 707 1110 exhibent
723 1071 844 1119 commixta,
864 1083 900 1109 nec

157 1140 220 1179 libros
233 1152 300 1178 eorum
312 1140 400 1189 integros
413 1140 535 1190 accepimus,
553 1140 587 1178 sed
599 1139 711 1189 fragmenta
723 1145 800 1177 tantum
811 1152 847 1188 per
859 1152 900 1176 ma·

159 1221 196 1246 uus
208 1212 240 1246 sat
251 1207 323 1245 multas
336 1220 410 1257 easque
421 1208 474 1245 haud
489 1220 567 1257 semper
583 1212 686 1245 accuratas
702 1206 781 1245 tradita.
800 1206 900 1245 Hsnono-

160 1287 196 1314 rus
209 1280 275 1313 auteur
287 1274 391 1325 (quoniam
403 1275 489 1324 amplum
503 1276 544 1314 eius
557 1276 581 1312 de
592 1274 683 1325 Assyriis
696 1287 746 1324 opus
758 1280 843 1312 autnon
856 1287 900 1324 per-

160 1343 256 1392 scriptum
271 1349 301 1380 est
318 1348 353 1380 ant
367 1348 478 1392 temporum
494 1343 567 1380 iniuria
586 1343 730 1393 deperditum),
746 1355 786 1380 non
799 1335 901 1380 uniuersas

159 1410 229 1460 popuii
240 1423 272 1448 res
284 1410 431 1460 complectitur,
443 1423 512 1448 uerum
526 1411 614 1460 singulas
624 1410 681 1460 [prasi
689 1410 832 1460 praetereundo
841 1410 901 1447 inter-

160 1478 207 1515 dunr
219 1477 292 1528 tangit,
305 1483 371 1515 tamen
383 1478 502 1528 grauissima
515 1477 611 1529 quaedam
625 1478 710 1516 stamina
718 1478 806 1527 praebet.
822 1477 900 1515 Horum

159 1546 220 1595 igitur
232 1551 251 1583 et
263 1544 348 1583 aliorum
360 1547 484 1596 quorundam
497 1546 582 1595 scripta,
600 1545 634 1596 qui
646 1545 728 1583 minoris
745 1546 766 1582 in
777 1546 815 1582 hoe
829 1558 901 1595 genere

160 1612 254 1651 momenti
266 1619 322 1660 sunt,
338 1614 398 1651 modo
412 1614 515 1664 diiigenter
528 1619 547 1652 et
558 1619 649 1652 accurate
660 1613 712 1651 inter
724 1626 745 1651 se
757 1614 901 1651 contendantur

160 1687 221 1732 atque
237 1681 407 1730 perpensitentnr,
428 1682 461 1719 ubi
480 1682 552 1720 idoneo
577 1681 703 1719 eontinentur
724 1693 832 1729 consensu,
854 1682 903 1720 satis

162 1749 229 1798 magni
243 1748 335 1786 facienda
350 1749 452 1796 videntur,
473 1750 567 1800 quoniam
582 1762 614 1787 res
629 1750 761 1798 Assyriorum
778 1755 870 1787 accurate
885 1755 904 1787 et

162 1817 243 1866 copiose
259 1822 361 1855 enarratas
378 1830 391 1854 a
407 1816 483 1855 nemine
492 1817 609 1866 accepimus.
627 1815 693 1855 Nobis
703 1823 768 1855 autern
777 1830 847 1866 parum
857 1830 904 1867 pro-

161 1885 248 1934 positum
267 1890 307 1931 est,
329 1884 353 1922 de
373 1884 435 1923 variis
457 1897 524 1923 eorum
545 1885 625 1923 calculis
645 1890 665 1922 et
683 1884 808 1934 opinionibus
824 1884 905 1922 uberius

162 1953 283 2001 disceptare,
299 1952 417 2000 praesertim
434 1965 477 1990 eum
489 1958 559 1991 nostra
571 1952 667 1989 memoria
679 1953 801 2002 comparatio
813 1952 849 1990 issa
861 1952 904 1989 diii-

162 2020 277 2069 gentissime
289 2033 301 2057 a
312 2019 414 2057 nonnullis
426 2033 458 2057 vv.
472 2021 504 2058 dd.
516 2019 608 2058 instituta
620 2019 668 2065 sita
685 2032 736 2069 quae
748 2032 788 2056 non
800 2020 905 2057 videantur

163 2087 282 2135 omittenda,
300 2100 324 2123 ea
339 2099 375 2124 suo
392 2099 472 2137 quoque
487 2087 532 2126 loeo
549 2086 683 2133 monebimus3
703 2099 743 2124 non
760 2087 905 2136 praetermitta-

162 2166 205 2192 mus
217 2160 284 2192 tamen
296 2159 376 2201 notare,
390 2154 508 2193 sententiam
520 2167 599 2202 eorum,
612 2154 656 2206 qui,
670 2166 695 2191 ne
708 2153 797 2192 Crustas
809 2154 883 2193 indicia
894 2168 906 2192 a

161 2221 246 2260 Baroso
259 2228 279 2259 et
286 2221 405 2259 Hsaoooro
415 2227 434 2259 et
445 2222 466 2260 il.
480 2235 507 2261 ss.
519 2222 579 2260 nimis
596 2222 742 2272 discreparent,
755 2221 830 2271 duplex
841 2223 905 2272 Assy-

161 2289 237 2327 riorum
249 2302 332 2340 regnum
348 2289 411 2327 fuisse
428 2290 566 2340 opinarentur,
585 2295 641 2329 vetus
654 2290 755 2341 quoddam
765 2290 845 2327 ineunte
853 2303 906 2327 nono

164 2370 182 2395 a.
193 2356 230 2395 Ch.
244 2357 310 2396 seculo
329 2371 419 2397 euersum
436 2359 497 2408 illud,
515 2365 534 2396 et
549 2359 643 2406 alterum,
657 2359 693 2396 sub
704 2359 763 2396 finem
776 2370 790 2395 s.
804 2358 856 2396 senti
872 2371 906 2396 ex-

198 2567 214 2607 1)
226 2566 262 2599 cfr.
271 2572 340 2609 praeter
351 2571 418 2599 eeteros
428 2567 456 2599 W.
465 2567 557 2598 Hurrannn
564 2567 702 2600 Exercitationes
713 2567 831 2607 Herodoteas,
843 2576 888 2609 spec.
898 2567 907 2598 I

163 2623 185 2655 de
196 2623 246 2656 rebus
259 2625 372 2666 Assyriorum
380 2625 434 2665 1837;
447 2632 471 2664 sp,
481 2623 501 2654 Π
512 2623 534 2654 de
546 2629 604 2656 vetere
615 2625 707 2657 Medorum
718 2626 835 2665 regn018433
848 2633 872 2664 sp.
879 2624 907 2655 III

163 2689 219 2711 rerum
231 2681 325 2721 Lydiarnm
337 2682 422 2723 particula
433 2682 451 2722 I,
464 2681 514 2713 1851.
539 2681 591 2713 Hisce
604 2682 664 2714 diebus
677 2682 754 2714 libellum
769 2682 811 2713 satis
829 2684 907 2712 accurate

162 2738 277 2777 conscriptum
285 2738 340 2770 edidit
348 2739 374 2771 Io.
382 2738 468 2771 Bararus:
480 2747 537 2770 rernm
546 2738 656 2780 Assyriarnm
666 2742 744 2780 tempora
755 2738 852 2770 emendata.
865 2736 907 2768 Bre-

163 2795 214 2835 riter,
230 2804 274 2836 quae
286 2794 307 2826 de
319 2795 432 2835 Assyriorum
444 2797 495 2829 rebus
507 2794 572 2828 tradita
584 2801 632 2836 sunt,
645 2797 690 2828 iuter
702 2807 720 2828 se
733 2799 833 2836 comparata
845 2803 907 2835 propo·

163 2851 196 2882 snit
207 2851 287 2883 aturrus
300 2852 354 2885 ΙΝ.
367 2863 381 2885 a⁴
390 2863 407 2884 r.
