1889 3264
96 143 125 171 m
328 127 492 164 Pnoiaoonnru.
514 123 562 163 Cer.
575 126 602 165 ll.

98 253 307 298 determination,
321 249 386 289 whieli
398 247 438 286 will
451 252 487 285 not
498 248 555 286 allow
570 249 602 286 the
614 251 709 289 belrolder
718 257 738 289 to
748 251 786 290 leel
798 264 836 301 any

97 326 198 372 contempt
213 320 235 358 oi
249 318 289 358 iliis
307 324 361 358 stern
376 316 493 355 warrioi·s.“
509 339 533 343 —
550 315 595 364 Quo
612 318 663 355 adde
679 319 771 357 mirificas
791 320 837 356 illas

98 389 212 429 animalium
224 387 310 438 speeies,
324 385 395 437 quibus
407 383 527 434 palatiorum
536 389 606 434 portae
616 385 784 434 custodiebantur,
795 387 836 424 leo-

97 470 132 496 nes
149 458 181 495 rel
196 456 248 493 tauri
262 456 350 492 humano
367 452 432 503 eapite
448 450 525 501 alisque
542 452 635 502 aquilinis
651 452 740 504 insignes
747 453 760 501 ¹,
777 453 837 491 robu-

98 525 181 565 stissimi
192 524 285 562 Nimrodi
297 521 368 560 statuis
379 520 478 566 variatas,
496 520 530 568 qui
546 520 609 558 altera
624 533 683 558 uranu
694 521 771 558 leonem
784 526 837 558 eatu-

97 593 150 641 lum,
172 591 235 630 altera
254 602 338 639 anguem
353 588 407 625 nullo
423 587 465 624 fere
481 582 561 636 negotio
577 588 701 638 comprimit²
717 611 741 615 -
758 588 837 638 quibus

99 671 227 712 quaecunque
236 670 303 696 earum
312 655 350 694 fuit
358 652 484 709 significatio,
497 666 578 693 monere
587 662 640 694 certo
653 657 750 704 uidentur,
763 660 838 705 quamn

99 732 189 778 potestas
200 726 222 763 in
233 725 295 763 muris
306 723 350 762 istis
361 721 466 760 habitaret.

132 796 200 844 Atque
211 793 262 830 hanc
274 791 352 842 quidem
362 794 454 827 naturam
461 787 519 827 rebus
532 802 545 827 a
557 802 578 828 se
587 791 648 841 gestis
657 804 777 842 magnopere
786 803 838 828 ooni-

99 862 246 911 probarerunt;
266 859 342 908 ingenti
358 862 424 895 antem
441 856 509 893 robori
526 868 562 895 suo
578 870 620 895 curn
637 871 714 896 summa
731 858 804 908 astutia
820 862 839 895 et

100 928 208 967 ealliditate
219 927 379 964 moderabantur.
397 923 443 961 Hoc
455 924 507 960 eninr
518 924 568 962 illud
580 930 616 973 est,
628 938 668 976 quo
680 926 796 976 praesertim
813 926 839 963 ab

101 996 145 1034 aliis
157 995 250 1033 differunt
261 994 352 1044 gentibus
363 990 484 1038 maioribus,
498 1004 549 1041 quae
558 998 617 1031 aritea
625 999 723 1031 rexerant
730 993 839 1040 Israelitas,

101 1064 155 1114 quod
167 1075 206 1100 non
218 1060 327 1111 praedandi
339 1065 416 1097 tantum
428 1070 498 1097 natissa
510 1059 586 1099 vicinos
598 1061 647 1099 fines
661 1062 763 1098 vexabant
774 1066 794 1098 et
805 1073 840 1097 ex-

101 1130 150 1168 actis
167 1129 237 1179 spoliis
253 1128 333 1165 domum
349 1125 448 1172 redibant,
465 1138 532 1162 verum
548 1127 607 1176 primi
623 1128 742 1177 praestituto
757 1114 840 1166 consilio

101 1203 121 1235 ei
131 1197 209 1235 ratione
220 1197 240 1233 id
253 1196 348 1245 agebant.
366 1200 388 1231 ui
404 1205 482 1230 omnem
498 1193 590 1244 deinceps
605 1200 702 1233 terrarum
719 1195 757 1233 sibi
773 1196 840 1233 orbem

101 1264 225 1303 subiicerent.
243 1264 266 1300 ln
283 1275 346 1311 eoque
357 1261 386 1298 itu
397 1261 438 1298 fere
450 1261 589 1310 versabantur,
607 1268 683 1300 utnon
700 1263 721 1300 ri
737 1262 804 1302 statim
822 1268 841 1300 et

101 1332 341 1381 a1·mis‚·quasp0sse1n,
353 1334 421 1378 gentes
434 1327 577 1376 opprimerent,
594 1343 662 1367 rerum
674 1330 788 1381 praestigiis
800 1330 841 1380 pri-

101 1412 154 1436 mum
167 1403 186 1436 et
197 1397 254 1435 falsis
265 1396 442 1446 pollicitationibus
453 1394 543 1433 irretire³
554 1402 682 1444 conarentur3
696 1397 739 1435 dein
751 1398 841 1435 rixarum

102 1478 162 1505 ansas
174 1465 278 1515 diligenter
291 1476 395 1514 quaerere,
407 1468 430 1500 ut
438 1461 480 1499 iure
490 1475 523 1501 eas
531 1464 638 1511 percellere
645 1465 769 1511 riderentur3
782 1470 841 1515 atque

102 1533 151 1571 adeo
164 1531 302 1571 occasionibus
315 1535 372 1569 eruite
384 1529 505 1576 obseruatis,
522 1530 556 1568 ubi
568 1537 636 1580 gentes
648 1532 699 1570 iuter
712 1545 733 1571 se
749 1532 843 1570 dimican-

101 1608 131 1639 tes
143 1600 244 1647 riderent⁷
261 1598 367 1637 debiliores
379 1609 457 1647 semper
468 1597 563 1636 adiuvare
575 1598 706 1646 affectabant,
719 1613 758 1650 quo
772 1600 843 1640 certius

137 1757 154 1796 1)
167 1757 202 1789 err.
214 1756 256 1787 Lar.
268 1756 332 1788 Niniue
345 1766 361 1786 u.
374 1765 387 1786 s.
400 1755 471 1787 Uelierr.
484 1765 499 1796 p.
511 1756 550 1787 422.
574 1755 617 1789 Bou.
629 1757 639 1789 l.
649 1757 659 1788 l.
672 1768 688 1799 p.
697 1757 729 1789 130
740 1767 762 1789 ss.
787 1756 844 1789 Gossn

102 1815 176 1854 Assyria
188 1824 203 1855 p.
213 1812 315 1844 loe—iii.
340 1812 429 1844 Animalia
444 1812 483 1851 illa,
499 1822 543 1853 quae
560 1813 658 1855 saepissime
674 1813 742 1853 quidem
758 1813 776 1844 in
791 1813 845 1854 portis

101 1870 204 1913 palatiorum
225 1869 326 1908 consumta,
342 1878 401 1900 rerum
413 1867 457 1899 alias
469 1876 536 1908 quoque
548 1870 664 1911 reperiuntur,
683 1880 721 1901 enm
733 1869 772 1901 aliis
784 1869 845 1901 belluis

102 1938 116 1960 s.
132 1937 170 1959 eum
185 1926 282 1957 hominibus
299 1924 398 1957 dinricantia
410 1923 446 1964 (cfr.
459 1924 517 1957 Gossr.
529 1925 540 1955 l.
550 1924 574 1965 i),
591 1925 733 1965 quemadmodum
750 1925 795 1967 apud
810 1926 845 1957 He·

102 1985 164 2016 braeos
176 1982 270 2014 Cherubim
289 1990 364 2013 sinnmas
379 1981 444 2021 ingenit
458 1985 475 2012 et
490 1983 566 2024 eorporis
582 1983 627 2013 vires
639 1982 738 2014 coniunctas
750 1982 846 2023 significare

102 2039 188 2071 ridentur.
212 2038 292 2070 Ceterum
309 2041 373 2076 quanto
389 2038 444 2068 maior
459 2038 554 2070 intercedat
570 2038 663 2070 similitudo
679 2039 724 2071 inter
739 2038 846 2071 Chembinos

103 2101 121 2129 et
128 2095 240 2137 Assyriorum
248 2094 313 2135 speeies
321 2093 365 2132 illas,
373 2101 424 2133 quam
432 2104 470 2125 cnm
478 2094 603 2136 Aegyptiorum
612 2094 711 2136 sphingibus
720 2096 845 2136 (cfr.Hnuosru.

104 2154 148 2195 Aeg.
161 2162 178 2183 u.
190 2150 207 2182 d.
220 2149 287 2182 Biieher
298 2149 353 2181 Mosis
366 2160 382 2191 p.
393 2150 506 2190 iso—164),
518 2150 559 2183 inde
571 2152 629 2183 statim
642 2156 721 2194 apparet,
734 2152 846 2194 quodAegy-

103 2210 151 2252 pilae
162 2207 230 2239 belluae
241 2214 334 2245 nmnquam
346 2206 382 2238 fere
394 2206 426 2237 alis
438 2211 510 2239 ornatae
522 2213 569 2249 sunt3
585 2217 625 2239 rara
640 2208 719 2250 exempla
732 2209 846 2240 nonnullaab

104 2265 182 2307 Assyriis
194 2263 267 2304 repetita
279 2261 363 2303 ridentur,
376 2262 405 2295 cfr.
417 2263 459 2296 Lar.
471 2263 513 2296 ibid.
526 2264 620 2296 Praeterea
627 2264 680 2295 etiam
687 2266 755 2306 palmae
768 2269 784 2298 et
796 2264 847 2296 flores

104 2325 157 2361 istae,
169 2321 255 2358 heresque
268 2319 365 2360 aleones,
378 2328 449 2360 qnorum
461 2321 563 2362 imaginibus
573 2319 644 2353 Salomo
656 2321 716 2363 templi
727 2332 785 2354 muros
798 2331 847 2353 exor-

104 2379 154 2411 navit
168 2377 204 2417 (etr.
217 2375 321 2417 ruenni,
332 2377 353 2408 32
365 2386 386 2408 ss.
399 2376 444 2416 VII,
457 2377 525 2419 nassa,
544 2377 587 2408 mire
603 2377 694 2410 eoricimurt
710 2387 748 2408 cum
764 2377 847 2409 eiusmodi

106 2438 189 2477 apparatu
205 2431 251 2463 baud
266 2441 305 2463 raro
322 2432 367 2473 apud
379 2433 461 2472 Assyrios
473 2437 551 2475 reperto,
563 2433 593 2464 eir.
605 2433 646 2464 Lar.
658 2432 767 2473 figfflab.
786 2433 847 2472 Neque

105 2501 146 2523 iero
159 2489 229 2531 probari
241 2488 276 2519 ullo
288 2488 340 2520 modo
351 2493 417 2530 protest,
434 2489 496 2521 alteras
512 2490 576 2532 species
593 2489 614 2520 ab
631 2490 689 2520 alteris
705 2499 742 2520 esse
757 2489 847 2521 delibatas.

106 2546 173 2586 (lirare,
193 2546 226 2577 nisi
238 2543 282 2575 forte
294 2543 360 2577 Boron.
373 2549 439 2577 secutus
451 2545 530 2577 Paraclisi
542 2546 643 2576 memoriam
655 2546 672 2576 in
684 2547 760 2577 onmium
772 2547 847 2588 gentium

106 2602 190 2635 eiusmodi
205 2601 307 2633 animalibus
323 2601 394 2643 reperiri
410 2603 541 2642 existimaveris,
558 2601 717 2633 tutiusNrunmno
730 2603 848 2643 assentiemur,

106 2662 136 2701 qni
147 2658 243 2692 consimiles
256 2659 369 2699 cogitationes
382 2664 433 2698 atque
445 2659 524 2690 notiones
540 2657 642 2698 symbolicas
658 2659 710 2690 simili
725 2660 793 2691 ratione
808 2669 848 2692 cou-

106 2718 189 2750 formatas
203 2724 239 2746 esse
252 2713 311 2755 docet⁷
323 2714 378 2748 euru.
391 2718 408 2746 et
420 2714 526 2746 Runniuncu.
539 2713 621 2747 Zeitsclu:
635 2715 688 2755 1853,
701 2714 719 2756 Ι,
731 2726 747 2757 p.
757 2716 789 2747 137
798 2725 819 2747 ss.

141 2773 158 2812 2¹)
169 2771 203 2804 Cir.
215 2771 257 2803 Bor.
270 2771 281 2802 l.
290 2772 301 2802 l.
314 2783 331 2812 p.
341 2772 378 2804 134.

141 2828 158 2867 ὃ)
170 2828 204 2859 Cir.
216 2827 262 2859 Nah.
274 2827 310 2865 Ill,
322 2828 339 2859 4.
