1889 3264
96 143 126 187 96
372 145 419 184 Cur.
429 145 469 192 In,
483 159 501 183 v,
514 149 564 182 t-t.

96 271 121 308 de
132 269 207 308 Babele
219 269 321 308 enuntiata
336 283 348 308 a
360 275 430 308 nostro
444 275 491 307 vate
506 269 531 308 ad
543 271 651 318 Assurem,
669 271 748 310 futurae
759 271 840 310 Babelis

96 338 155 390 quasi
167 338 306 389 praesagium,
318 338 416 377 translata
428 338 514 376 dicemus
523 337 535 376 ¹.
553 338 597 375 Iam
609 351 656 377 uero
668 339 786 378 luculentius
798 339 840 387 Na-

95 407 150 444 lmmi
161 418 221 444 uoces
234 420 266 444 vv.
279 410 296 444 4.
309 409 320 444 5
333 410 463 445 resonuerunt
475 406 529 455 apud
540 405 644 444 Ieremiam
656 407 718 454 XIII,
731 421 750 445 r.
760 410 794 455 22,
807 407 841 458 qui

95 473 211 521 lechonIae,
227 473 347 512 Iudaeorum
360 474 402 524 regi
418 479 437 511 et
451 473 511 511 matri
527 473 579 522 eius,
597 487 641 512 cum
657 474 744 525 gentium
759 480 842 525 peccata

96 542 153 593 sequi
165 554 206 580 nou
218 542 355 590 erubuissent,
375 541 457 580 eandem
469 542 596 591 praenuntiat
607 555 704 593 poenam,
723 555 783 593 quam
794 555 841 593 gen-

95 610 149 648 tibus
160 609 266 660 imprecati
278 616 335 648 erant
346 610 455 660 prophetae
467 609 554 659 priores,
568 615 587 648 et
599 611 668 648 eadem
676 610 785 649 meretrIcis
794 623 841 648 con-

97 678 167 716 stituta
183 678 279 727 imagine,
298 692 317 716 u.
327 681 349 715 22
366 677 644 727 „proptermultitudinenr,“
660 678 736 729 inquit,
759 691 841 729 „pecca—

97 754 163 784 torum
174 751 265 792 tuorum,
278 754 328 794 amn
343 757 382 784 aa]
395 745 430 783 cfr.
439 757 501 795 supra
512 759 530 783 v.
541 749 562 794 4,
576 746 693 797 deteguntur
702 751 792 796 syrmata
800 752 841 793 tua,

97 810 160 861 artua*
180 809 234 864 atta,
250 819 270 850 et
281 826 317 863 per
329 813 369 850 vim
381 813 481 851 nudantur
493 813 556 852 calces
568 818 642 862 tuae;“
660 819 679 852 et
695 814 842 852 accomodatius

99 881 125 918 ad
134 886 204 919 nostra
213 881 274 919 uerba
284 895 302 919 u.
312 883 344 918 tt:
357 886 432 933 „atque
443 881 503 919 cuam
510 893 547 932 ego
557 881 627 932 detego
640 887 730 933 syrmata
739 887 774 919 tua
784 894 843 932 super

98 948 171 986 faciem
183 954 248 996 tuam,
261 954 281 986 et
294 949 379 986 cernitur
391 939 500 1000 ignominia
511 954 557 998 tua,
570 945 630 998 τρίπ-
646 952 729 990 unuatfl

447 1133 464 1155 r.
479 1122 494 1155 t.

135 1220 163 1257 Et
171 1221 250 1257 coratieio
263 1233 319 1270 serpet·
331 1228 348 1258 te
360 1221 493 1267 uberrimarum,
507 1227 524 1258 et
535 1226 647 1259 conteteram
659 1227 676 1258 tc
687 1221 759 1265 ecclam
771 1227 789 1258 at
800 1233 843 1258 con-

99 1290 155 1325 stituo
168 1294 185 1325 tc
198 1295 290 1338 tauquam
302 1290 402 1338 arcruplcr.
419 1288 467 1326 Non
486 1289 535 1327 satis
552 1295 592 1336 est,
612 1294 635 1327 ut
646 1289 735 1340 nequitia
751 1289 792 1328 eius
807 1302 844 1339 pu-

99 1356 150 1393 bIIce
162 1356 283 1404 denudetur,
300 1357 335 1395 secl
347 1357 489 1394 contumeliose
501 1357 561 1394 etiarn
574 1363 594 1395 ct
606 1370 649 1395 cum
660 1356 744 1394 infanna
756 1356 844 1394 omnium

99 1424 215 1473 conspectui
230 1425 342 1474 exponitur.
361 1434 419 1474 'pipin
437 1424 496 1462 LXX
510 1418 636 1475 βδέλυγμα,
657 1437 699 1471 res,
715 1424 769 1463 cuius
780 1425 846 1462 taedet

100 1492 197 1542 aliquem,
213 1492 326 1543 ubicunque
342 1497 446 1543 praeterea
457 1492 568 1540 inuenitur,
585 1492 640 1531 idola
656 1492 754 1543 siguificat
769 1493 844 1530 abomi-

100 1559 167 1597 nanda
179 1558 224 1597 Deo
237 1565 256 1597 et
268 1560 343 1610 populo
357 1560 410 1607 eius,
429 1565 447 1598 et
463 1573 593 1611 quaecunque
610 1561 636 1598 ad
649 1574 671 1598 ea
683 1561 792 1610 pertinent,
810 1560 844 1598 cfr.

101 1627 168 1677 rReg.
181 1626 223 1674 XI,
236 1630 253 1665 5.
266 1628 334 1679 aneg.
348 1627 431 1675 XXIII,
445 1630 472 1665 13.
485 1631 517 1675 <243
535 1626 593 1667 Sach.
606 1628 647 1676 IX,
660 1631 680 1675 73
696 1627 749 1666 Dan.
758 1627 800 1675 IX,
811 1630 844 1675 273

101 1697 139 1733 hoc
151 1701 217 1733 autem
228 1695 273 1733 loco
287 1696 378 1746 specialis
389 1695 425 1733 illa
436 1702 536 1746 potestas,
553 1709 613 1746 quam
631 1696 716 1734 retinere
727 1696 791 1733 ltlrcn.
804 1709 846 1734 ma-

101 1763 148 1810 luit,
160 1763 243 1801 tolerari
255 1763 290 1801 vix
302 1768 380 1814 potest,
392 1776 429 1801 nec
441 1764 564 1813 comparatio
577 1777 609 1802 vv.
621 1764 642 1812 I,
656 1766 678 1801 14
693 1764 745 1801 tanti
756 1764 846 1806 facienda

102 1837 141 1878 est3
154 1831 194 1868 imo
206 1830 266 1881 longe
277 1832 385 1869 maximam
396 1831 526 1881 iuterpretum
539 1832 601 1870 secuti
612 1837 690 1882 partem
698 1832 752 1881 apud
762 1831 845 1881 amplio-

101 1912 143 1936 rem
156 1898 321 1949 significatmnem
333 1898 431 1946 sorellum,
445 1900 538 1938 stercoris
549 1913 685 1947 remunemus3
698 1905 786 1938 stercora
794 1899 846 1936 eninr

103 1972 123 2004 et
134 1967 203 2004 sordes
218 1967 238 2004 in
251 1968 338 2018 aliquem
354 1967 451 2006 coniicere
467 1979 565 2005 summum
580 1972 699 2006 contemtum
712 1972 732 2004 et
742 1967 846 2005 infandam

103 2040 172 2081 notat,
189 2036 217 2071 uti
233 2036 316 2085 proprio
332 2047 392 2074 sensu
409 2047 494 2085 sequens
511 2035 582 2073 asserit
599 2035 693 2072 uerbum:
713 2029 807 2086 amiam,
828 2040 847 2072 et

103 2107 223 2140 contemtum
235 2107 255 2140 te
267 2103 340 2151 reddo,
356 2115 372 2141 s.
389 2103 503 2140 contemtim
521 2108 585 2141 tecum
597 2115 642 2153 ago.
661 2099 697 2144 '²132
712 2102 743 2140 Pi.
760 2109 847 2141 contem-

103 2176 145 2208 tum
157 2170 240 2209 alicuius
253 2170 319 2209 verbis
333 2184 348 2209 s.
361 2170 419 2209 factis
432 2170 553 2220 cnpr'Imere,
570 2171 606 2208 cfr.
622 2171 661 2209 Ies.
673 2170 731 2217 XIV,
744 2172 772 2208 21.
791 2170 847 2209 Deus

104 2244 170 2276 autern
186 2251 237 2289 quos
254 2239 361 2277 contemnit
377 2251 412 2277 seu
427 2251 464 2287 pro
480 2238 542 2276 nihilo
554 2239 615 2276 habet
626 2238 671 2289 (cfr.
683 2239 703 2286 I,
715 2241 736 2275 14
751 2235 801 2287 nt'tp
816 2238 847 2288 m)

104 2319 138 2344 ecs
155 2306 265 2356 exstinguit
280 2305 428 2357 atqueevertit.
449 2316 587 2354 mmmmm,
610 2312 629 2344 et
652 2307 751 2345 constituo
769 2309 789 2341 te
804 2310 848 2343 tan-

105 2387 165 2425 quam
177 2374 285 2424 exemplar.
303 2386 338 2427 ³³5]
354 2375 375 2412 in
386 2386 451 2424 pausa
472 2379 521 2425 mu,
533 2374 633 2424 singulare
644 2375 721 2412 formae
730 2385 792 2424 genus
801 2386 819 2410 a.
829 2387 848 2411 u.

104 2453 146 2480 nnn
171 2447 201 2479 ter
224 2427 460 2491 praeterearepertum:
485 2440 536 2480 Gen,
553 2442 615 2490 XVI,
634 2444 655 2479 13
676 2454 734 2481 sensu
757 2439 848 2488 visionis,

105 2507 178 2548 lSam.
191 2509 252 2558 XVI,
265 2514 297 2558 123
309 2511 353 2548 Iob.
365 2508 472 2557 XXXIII,
482 2512 503 2547 21
516 2509 598 2547 notione
610 2515 712 2559 aspectum
724 2513 777 2547 recte
788 2507 849 2558 Igitur

103 2577 164 2616 LXX
181 2577 275 2616 exhibent
293 2570 450 2632 παράδειγμα,
470 2583 489 2615 et
504 2577 590 2627 interpp.
606 2578 706 2629 plerique:
729 2576 849 2626 exemplum,

104 2645 245 2695 spectaculum.
269 2645 344 2685 Sensus
359 2646 380 2683 in
397 2651 491 2696 promptu
507 2651 546 2684 est:
565 2645 636 2693 „eclam
655 2646 676 2683 in
698 2651 717 2683 te
736 2645 849 2694 exemplum

105 2713 203 2751 vindictae
216 2718 288 2763 tuaac
300 2714 380 2761 Tuam,
398 2719 446 2762 „ut,
464 2713 542 2764 quoties
554 2713 578 2751 dc
590 2714 668 2763 magnis
680 2713 766 2764 peccatis
778 2717 814 2751 aut
826 2713 849 2750 de

141 2866 157 2906 1>
169 2865 203 2899 cfr.
216 2865 291 2900 [inarum
303 2867 364 2899 ierem.
377 2867 394 2899 n.
408 2877 429 2899 ss.
441 2867 511 2908 interpr.
524 2865 540 2907 p
550 2866 588 2898 137.
