1889 3264
146 166 207 193 1111
381 154 545 193 Ρ11111011111.
563 153 651 193 (11111.

147 280 202 318 euius
214 279 351 318 necessitatem
363 279 452 317 omnium
463 280 506 319 fata
518 279 630 331 exiguntur.
649 278 706 328 Quae
717 280 812 320 vaticinia
823 286 888 319 utrum

147 347 239 398 gentibus
250 346 383 395 innotuerint,
396 361 432 386 nec
441 362 476 397 ne,
489 362 529 387 non
536 348 619 386 multum
626 347 697 394 refert3
710 360 746 385 nee
753 349 815 386 Ionae
824 362 889 387 exem-

146 414 186 463 plis
196 418 257 464 atque
265 414 361 453 Ieremiae
368 415 375 436 ³
383 428 505 465 magnopere
513 416 643 454 insistendum
657 420 692 462 est,
706 428 756 465 quae
769 416 794 453 ab
803 415 848 454 aliis
859 416 889 453 in-

142 494 207 534 super
218 482 294 521 caussis
307 483 446 533 suspendenda
458 488 509 522 suut.
526 483 581 533 Ergo
594 483 668 534 duplex
677 482 742 521 nostri
752 495 831 533 quoque
840 482 889 521 vati-

147 549 194 588 cinii
210 562 282 601 scopus
299 556 339 599 est,
356 564 441 602 quorum
457 552 508 590 alter
522 551 543 589 iu
554 551 640 600 israele,
657 551 707 589 alter
717 551 739 589 in
750 550 842 601 Assyriis
853 562 890 600 po-

147 619 198 657 situs
215 624 256 665 est3
278 632 357 667 rerum,
372 619 418 657 licet
434 619 505 657 horum
520 631 592 657 nomen
609 619 661 657 libro
676 619 793 670 inscriptum
811 618 847 666 sit,
871 623 890 655 et

146 685 284 725 israelitarum
296 687 350 725 salus
361 686 443 725 interitu
455 700 523 725 eornm
535 687 669 737 comparanda
680 687 749 737 paucis
760 692 837 725 tantum
847 698 890 723 ver-

147 754 179 792 bis
187 759 255 803 aperte
264 754 380 801 declaretur,
393 758 459 792 tamen
467 754 549 792 Israelis
557 760 659 804 respectus
666 755 731 804 primo
741 760 801 804 atque
813 765 889 792 summo

147 821 192 858 loco
204 821 306 859 habendus
318 827 354 860 est.
366 844 390 848 —
402 821 446 859 lam
457 834 505 860 vero
518 821 612 873 qnoniam
621 822 753 872 Assyriorum
765 822 840 872 flagitia
849 833 889 858 non

147 888 227 940 singula
239 889 336 940 quaedam
352 895 372 927 et
384 894 437 928 certo
454 890 540 940 quodam
555 896 645 940 tempore
660 902 708 940 erga
724 902 801 929 sacram
813 894 890 940 gentem

147 962 263 1008 perpetrata
275 958 423 1008 exprobrantur
435 963 454 996 et
466 959 585 998 destinatum
602 971 638 1008 pro
655 958 680 996 iis
696 958 815 1008 supplicium
826 957 890 995 decla-

147 1031 213 1071 ratur,
229 1038 298 1063 rerum
315 1025 382 1063 omnia
393 1026 474 1063 oinnino
486 1026 578 1064 facinora
588 1038 628 1064 uno
641 1026 698 1076 quasi
714 1030 821 1075 conspectu
838 1037 890 1062 conr-

146 1092 245 1141 prebeusa
256 1098 396 1141 proponuntur
404 1098 424 1130 et
434 1092 573 1140 diiudicentur,
585 1094 679 1132 universa
687 1093 819 1143 Assyriorum
827 1092 890 1130 histo-

146 1160 177 1197 ria
188 1159 275 1197 breuiter
287 1160 365 1198 videtur
377 1160 529 1210 perstringenda
541 1173 593 1208 esse,
607 1165 667 1211 atque
676 1161 701 1198 ad
712 1173 755 1198 eam
764 1159 890 1210 potissimum

147 1227 244 1266 rationem
256 1228 380 1276 revocanda,
393 1240 433 1278 qua
445 1241 489 1266 cum
501 1228 598 1267 Israelitis
610 1228 767 1266 continebantur.

180 1295 240 1334 Prius
252 1308 300 1333 rero
314 1309 374 1346 quam
385 1309 416 1335 res
428 1296 483 1346 ipsas
496 1309 631 1346 exponamus,
643 1296 712 1346 paucis
725 1295 848 1335 absolvenda
860 1301 891 1333 est

148 1376 172 1401 ea
184 1364 286 1413 quaestio,
300 1376 351 1414 quem
363 1369 393 1402 est
405 1364 429 1401 de
440 1364 539 1412 fontibus,
557 1365 608 1401 unde
620 1377 685 1401 rerum
697 1364 826 1414 Assyriarum
839 1363 890 1401 noti-

148 1431 196 1468 tiam
208 1431 334 1479 hauriamus,
351 1431 469 1481 praesertim
485 1444 529 1470 cum
545 1432 614 1482 paucis
626 1432 698 1469 abhinc
714 1431 771 1470 annis
783 1430 891 1469 domestica

147 1498 300 1548 potentissimae
315 1499 380 1549 gentis
396 1505 523 1537 monumenta
544 1499 627 1549 reperiri
647 1504 718 1549 coepta
737 1499 786 1546 sint,
807 1511 891 1548 quorum

148 1579 224 1605 summa
237 1579 314 1616 semper
326 1567 347 1603 in
359 1567 495 1605 concinnanda
508 1567 603 1617 cuiusque
619 1565 689 1617 populi
704 1566 789 1604 historia
805 1565 891 1616 dignitas

148 1639 178 1673 est
189 1639 250 1685 atque
263 1634 378 1673 auctoritas.
397 1633 452 1673 Nam
464 1648 508 1673 cum
523 1633 569 1684 plus
581 1634 601 1671 M
608 1634 629 1671 M
641 1634 698 1672 anuis
709 1633 787 1682 Ninus,
805 1633 891 1684 splendi-

148 1702 225 1740 dissimi
237 1701 286 1739 olim
297 1702 354 1752 regui
367 1707 435 1753 caput,
448 1702 511 1741 vastis
521 1702 704 1752 conditasepulcris
713 1702 810 1750 latuisset,
823 1707 892 1740 nostra

147 1770 243 1807 memoria
255 1770 368 1819 Anglorum
380 1775 400 1807 et
410 1770 427 1808 F
429 1769 589 1820 raueogallorum
607 1782 667 1820 opera
680 1774 699 1807 et
710 1769 806 1808 industria
817 1769 891 1807 factum

147 1842 187 1885 est,
205 1843 228 1875 ut
244 1837 290 1875 inde
305 1838 330 1875 ab
347 1840 457 1875 11101843
474 1850 484 1875 e
500 1837 581 1888 pulvere
597 1842 616 1875 et
628 1837 703 1876 sabulis
719 1835 820 1887 surgereti
832 1842 892 1887 atque

183 1965 200 2006 1)
213 1964 247 2005 Qui
258 1967 343 2007 propheta
354 1968 434 2008 gentibus
446 1968 548 2000 constitutus
561 1966 658 1999 declaratur
670 1967 688 2007 Ι,
700 1967 716 2000 5.
729 1967 756 1999 10.

183 2022 199 2063 2)
217 2023 252 2055 Cir.
269 2022 318 2056 chu.
330 2023 423 2056 Narrative
440 2025 460 2057 ot
475 2035 486 2057 a
499 2023 595 2056 Residenee
610 2024 627 2056 11
643 2023 758 2064 1110111111,
773 2022 828 2055 Lond.
842 2022 892 2064 1838,

149 2081 160 2111 2
172 2079 213 2111 roll.
238 2080 344 2114 Arnswonrn
356 2081 429 2114 Trayels
442 2081 476 2114 and
487 2079 593 2113 Researches
606 2082 624 2113 in
636 2080 680 2113 Asia
691 2080 755 2121 Minor,
766 2079 893 2122 Mesopotamia

148 2142 170 2169 ct.
184 2138 234 2170 1812,
247 2137 307 2169 avon.
330 2136 390 2170 Burni
402 2142 419 2170 et
431 2139 506 2171 runnu
521 2138 624 2170 Monumeut
639 2137 661 2170 de
674 2136 748 2178 Ninive,
763 2136 834 2169 Parisiis
847 2137 891 2169 1847

149 2195 203 2227 -50,
216 2195 226 2227 5
239 2194 280 2225 voli.
292 2194 323 2227 fol.
346 2195 370 2228 A.
382 2196 404 2228 H.
416 2196 489 2228 annu
501 2195 612 2227 Monuments
625 2194 742 2234 1111111111,
754 2193 829 2225 Londiui
841 2193 892 2234 1849,

147 2251 177 2284 tol.
201 2251 283 2284 Eiusdem
300 2251 380 2285 Nineveh
395 2253 430 2285 and
444 2254 467 2285 its
482 2253 566 2292 remaius,
584 2253 594 2283 2
609 2252 649 2284 roll.
667 2253 692 2292 8.,
709 2252 760 2283 tertio
773 2249 820 2282 edita
837 2249 892 2281 Lond.

148 2308 203 2348 1850,
214 2312 274 2342 nostro
283 2319 362 2342 sermone
373 2310 442 2342 reddita
450 2310 566 2342 aMmssunuo
580 2308 665 2350 ,Ninireh
676 2307 713 2340 und
725 2308 772 2339 selue
783 2306 892 2348 Ueberreste,

149 2366 207 2408 Leipz.
220 2366 270 2399 1850.
292 2365 370 2399 Primam
382 2368 439 2409 operis
450 2367 501 2399 liuius
511 2370 580 2407 partem
589 2367 680 2398 1111111111
694 2365 796 2397 succinctam
808 2364 863 2405 magis
876 2369 893 2396 et

149 2423 234 2455 conimuni
246 2423 339 2466 legentium
351 2425 390 2455 usui
402 2424 506 2455 destinatam
518 2423 573 2455 edidit
585 2424 636 2463 1851,
650 2423 679 2454 12:
695 2422 724 2461 ,A
735 2421 809 2461 popular
821 2425 893 2453 account

148 2481 168 2513 of
181 2480 284 2512 discoveries
300 2484 318 2511 at
330 2479 419 2513 NinercM
433 2484 464 2520 et,
481 2480 502 2512 ab
511 2479 549 2512 eod.
561 2479 661 2511 1111111110
673 2477 770 2520 germanice
784 2478 891 2510 translatam.

147 2536 243 2576 (Fturcnrn
254 2536 311 2569 Notes
322 2537 367 2568 from
379 2536 459 2570 Ninereh
469 2537 503 2569 and
515 2537 587 2569 Trarels
602 2536 620 2567 iu
632 2535 768 2575 Mesopotamia,
783 2535 857 2576 Assyria
869 2539 891 2567 ct.

148 2594 202 2625 Lond.
220 2595 269 2627 1850.
286 2592 385 2633 1101.)-
398 2593 426 2624 Ex
441 2593 468 2625 his
484 2594 534 2635 quasi
549 2593 625 2625 tontibus
641 2601 698 2623 rerum
715 2591 744 2623 alii
759 2591 805 2633 iique
820 2592 892 2623 minoris

148 2650 223 2682 ambitus
235 2651 275 2683 libri
287 2650 361 2683 derivati
374 2655 423 2691 sunt,
437 2650 498 2692 quibus
510 2660 554 2692 quae
566 2660 576 2682 e
587 2650 605 2681 lt
618 2659 640 2681 ss,
653 2653 763 2690 veterumque
775 2649 842 2691 scriptis
854 2652 871 2680 et
883 2658 892 2680 e

148 2708 263 2739 monumentis
276 2707 297 2739 de
309 2708 382 2750 Assyria
395 2709 497 2750 anitquitatc
509 2711 640 2749 cognoscuntur,
653 2707 720 2739 brevius
732 2706 823 2738 uberinsve
836 2705 891 2746 expli·

148 2768 216 2804 eautur3
232 2765 278 2796 iuter
289 2774 331 2805 qnos
345 2766 400 2806 primo
412 2765 450 2798 loeo
462 2765 579 2805 appellamus:
595 2764 631 2796 Ios.
644 2763 720 2804 Bouoru,
735 2763 811 2795 Niuireh
824 2760 858 2793 and
869 2762 892 2794 its

148 2819 229 2860 Palaees,
245 2821 300 2853 Lond.
314 2823 366 2862 1852,
383 2824 402 2862 8,
418 2824 447 2864 qui
459 2826 511 2854 antea
522 2821 584 2853 edidit:
604 2821 641 2854 The
653 2821 714 2854 buried
727 2822 761 2861 city
773 2819 793 2851 of
803 2818 832 2849 the
843 2817 891 2858 East,

148 2876 236 2916 Nineveh,
250 2877 290 2912 ibid.
305 2880 354 2912 1851.
368 2882 383 2912 8.
408 2880 453 2912 Tum
466 2888 506 2912 vero
519 2879 568 2911 Varn
580 2878 660 2912 Nineveh
672 2877 707 2910 and
719 2875 826 2916 Persepolis,
839 2876 891 2906 tert-ic
