1889 3264
125 132 154 178 [td
401 134 449 174 (nr.
458 135 488 183 ss,
502 149 519 174 v.
529 140 591 174 c-n.

125 262 190 312 potins
203 260 262 298 scribi
279 260 370 298 debuisse
382 261 472 300 vidimus.
497 261 544 299 ldeo
558 274 582 298 ne
598 261 620 313 b)
633 261 715 300 alteram
729 261 808 313 quidem
820 273 866 312 prc-

124 333 194 368 bnnms
208 328 305 376 CALYIXI,
318 327 419 377 CAPELLr,
435 329 548 367 Kfflxsmr
560 329 688 377 sententiam,
706 330 740 380 qni
756 329 867 368 machinam

124 399 212 448 aliquam
229 398 253 434 ab
271 396 392 446 oppugnans
408 397 434 434 ad
451 398 491 435 tela
503 398 590 436 hostiurn
608 397 731 435 defendenda
746 403 867 436 exstructam

125 465 244 513 coniiciunt,
259 465 279 502 id
297 464 350 514 quod
367 464 451 516 cogitari
467 465 548 515 insuper
564 466 628 516 probe
642 478 683 503 nou
699 471 771 516 potest.
799 465 867 504 Satius

125 547 173 584 ergo
189 533 227 570 erit
245 534 265 584 2)
277 532 407 582 plurimorum
423 533 554 583 interpretum
569 533 626 583 sequi
643 534 772 581 sententiam,
793 534 828 583 qui
843 534 868 571 de

126 600 328 652 oppugnantium
344 600 466 638 machinis
483 601 609 651 cogitandum
626 601 707 649 docent,
729 601 752 638 de
768 600 867 639 testudine

126 670 157 707 rel
172 669 236 706 vinea.
260 668 291 705 Ac
306 669 327 718 a)
339 668 441 705 vinearum
454 668 533 719 quidem
544 669 623 718 pondus
639 674 699 719 atque
713 669 802 718 gravitas
814 668 867 705 haud

126 737 215 776 sufficere
227 735 315 781 videtum
327 747 363 772 nec
374 736 399 773 ab
411 735 451 773 illis
463 736 554 786 gentibus
565 736 650 774 usitatas
662 736 747 782 scimus;
764 737 787 787 b)
799 748 868 773 rernm

126 803 272 842 testudines
292 802 313 839 in
329 803 467 852 expugnandis
484 803 563 853 oppidis
578 804 665 852 primurn
685 809 745 853 atque
761 802 869 841 secundum

126 871 180 922 apud
189 870 287 920 Assyrios
299 870 365 907 locum
375 876 461 908 tenuere.
479 870 611 910 Testudinnm
619 876 684 909 autem
695 883 735 908 non
746 870 796 909 illud
807 883 869 920 genus

127 940 219 985 dicimus,
233 938 287 988 quod
299 937 359 977 scutis
372 951 433 989 supra
445 939 512 989 capita
523 939 606 978 sublatis
619 939 715 990 atqueitn
726 939 777 977 inter
789 951 810 978 se
823 951 869 976 con-

126 1006 208 1045 tinuatis
224 1006 348 1053 f01·nrarur1‚
370 1008 404 1045 sed
421 1007 534 1045 machinam
549 1007 646 1058 ligneam,
663 1008 714 1046 rotis
729 1007 832 1055 subiectis,
848 1006 869 1044 in

127 1089 167 1126 qua
182 1074 310 1124 suspenditur
325 1075 377 1113 aries
386 1073 399 1113 2.
424 1074 519 1114 Videmus
535 1075 586 1113 enim
601 1076 621 1113 in
637 1075 719 1125 sculptis
738 1075 870 1126 Assyriorum

127 1144 200 1182 tabulis
215 1143 305 1193 ingentes
316 1148 381 1181 turres
394 1147 489 1193 quattuor
497 1143 529 1181 nel
541 1156 576 1181 sex
588 1143 638 1182 rotis
649 1143 767 1193 impositas,
780 1144 816 1181 sub
826 1142 869 1193 qni-

126 1212 164 1250 bns
180 1212 231 1249 aries
248 1210 375 1249 einculandus
390 1211 439 1249 latet
454 1210 625 1261 (rn,perfossor‚
641 1211 757 1258 Ezeclr.lV,
770 1209 814 1261 3)³;
839 1223 870 1248 sa-

126 1279 202 1329 gittarii
217 1279 238 1316 in
256 1278 351 1316 tabulatis
372 1278 507 1328 superioribus
523 1279 616 1328 dispositi
634 1284 676 1317 tam
695 1292 706 1316 e
725 1291 803 1317 summe
821 1279 870 1315 turri

127 1360 187 1398 qnam
201 1346 312 1384 efenestris
324 1345 415 1383 emittunt
427 1346 477 1394 tela,
489 1346 518 1384 ita
529 1352 552 1384 ut
564 1351 582 1383 et
594 1346 646 1385 aries
658 1352 677 1385 et
688 1346 761 1384 milites
770 1351 870 1395 tegantur,

125 1415 147 1452 id
159 1414 214 1466 quod
226 1413 304 1464 egregie
316 1414 402 1464 quadrat
417 1413 437 1450 in
450 1414 603 1463 appellationem
615 1424 662 1462 rao.
689 1414 793 1463 Agebatur
805 1419 870 1450 auteur

126 1482 243 1532 plerumque
251 1481 276 1518 ad
284 1481 399 1518 inferiorem
407 1482 458 1518 muri
470 1487 554 1531 partem,
570 1494 643 1531 aggere
652 1481 734 1530 obliquo
747 1480 860 1519 exstructo4
865 1495 870 1527 ;

126 1550 212 1599 parietes
228 1549 284 1598 ligno
300 1548 332 1586 vel
347 1548 406 1586 coriis
423 1548 568 1599 viminibusque
584 1549 631 1586 tecti
646 1549 736 1587 videntur
745 1548 757 1585 ⁵.
785 1547 871 1596 „Hence

126 1618 160 1654 the
171 1617 230 1654 mode
242 1616 265 1653 of
278 1616 329 1653 their
345 1616 411 1653 action
422 1628 465 1653 was
477 1621 513 1653 not
530 1617 573 1654 that
589 1616 611 1654 of
622 1615 707 1665 shnlring
722 1615 755 1653 the
767 1615 815 1652 wall
831 1616 872 1652 and

126 1684 209 1734 causing
225 1683 273 1720 itio
286 1683 322 1720 fall
334 1684 360 1732 by
372 1683 465 1732 repeated
476 1683 530 1733 bary
542 1684 616 1721 shoclrs
628 1682 658 1732 (id
670 1683 724 1733 quod
740 1683 761 1719 in
772 1683 869 1732 ingentes,

127 1752 161 1802 qni
173 1752 272 1798 feruntur,
289 1750 338 1789 Nini
350 1764 417 1789 nrnros
430 1750 500 1789 cadere
512 1764 551 1789 non
563 1752 651 1803 posset),
667 1753 704 1790 bnt
716 1750 785 1789 rather
795 1751 839 1801 that
852 1749 874 1787 ol

126 1820 253 1871 penetrating
265 1820 298 1857 tlre
313 1831 393 1858 cour-ses
406 1819 430 1857 of
438 1820 518 1868 briclrs,
537 1819 560 1857 of
569 1819 634 1857 ulrich
650 1820 697 1870 they
708 1832 762 1857 were
773 1819 872 1869 probably

127 1889 245 1938 composed,
261 1889 301 1926 ancl
312 1888 357 1926 thus
369 1887 461 1938 piching,
477 1888 494 1925 if
505 1901 535 1927 we
550 1901 598 1937 may
609 1889 634 1925 be
646 1887 732 1925 allowed
748 1888 780 1925 the
792 1887 871 1936 phrase,

127 1962 183 2007 great
194 1957 250 1994 holes
266 1956 287 1993 in
299 1956 364 2004 thern,
381 1955 431 1993 until
449 1961 470 1994 at
481 1955 549 2006 length
560 1956 594 1994 the
609 1955 737 1994 battlements
753 1956 821 1993 would
837 1954 873 1992 fall

127 2025 159 2062 l'or·
172 2031 225 2063 want
237 2024 260 2061 ol
270 2029 354 2073 support
363 2024 441 2061 beneatl
449 2022 482 2061 .“⁶
500 2024 557 2072 Quae
568 2024 671 2061 machinae
681 2036 741 2074 quam
749 2023 872 2073 perniciosae

126 2093 200 2130 luerint
213 2092 343 2142 oppugnatis,
363 2091 448 2128 dilucide
464 2104 489 2129 ex
502 2104 564 2141 opera
575 2096 660 2141 apparet
670 2091 746 2129 frustra
758 2091 782 2129 nb
795 2091 820 2128 iis
836 2091 872 2128 im-

127 2173 199 2211 pensa,
212 2160 287 2198 catenis
299 2159 382 2198 tollendi
394 2159 476 2197 arietem
488 2164 522 2197 ant
534 2159 579 2209 igne
588 2166 650 2197 totam
662 2164 736 2197 turrem
749 2158 872 2198 delendis—

128 2228 217 2279 Cogitari
230 2228 309 2279 quidem
325 2227 433 2266 secundnm
445 2227 502 2265 verbi
513 2228 614 2265 notionem
630 2227 709 2266 facilins
722 2228 745 2265 de
761 2227 805 2265 aliis
818 2232 873 2276 tegu-

162 2453 180 2493 1)
192 2454 227 2486 Gir,
240 2453 331 2486 Arnnannu
341 2451 353 2483 1.
362 2452 430 2493 XXVI,
439 2454 458 2494 83
470 2453 530 2486 Lnrnn
543 2453 553 2484 l.
562 2453 649 2494 XXXIV,
658 2454 686 2487 39,

162 2510 179 2550 2)
191 2511 227 2543 Cfr.
239 2510 315 2542 Larino.
327 2508 338 2539 Ι.
347 2508 359 2539 l.
367 2508 394 2548 Π,
403 2519 417 2541 e.
425 2511 441 2550 ὁ,
453 2519 492 2550 pag.
501 2509 535 2540 376
542 2519 570 2550 ss„
582 2510 611 2550 fig.
618 2511 646 2542 57.
656 2511 686 2551 583
699 2509 765 2542 Bononr
774 2509 784 2540 l⁴
794 2509 805 2540 l.
815 2509 874 2550 plen.

129 2568 167 2599 llll*
178 2568 216 2600 186.
225 2568 264 2599 234.
274 2567 316 2606 2435
329 2564 386 2598 eosse
399 2566 409 2597 l.
418 2566 429 2597 ].
439 2576 454 2608 p.
462 2566 495 2598 aba
502 2575 524 2598 ss

162 2624 179 2664 3)
192 2624 226 2657 Cfr.
238 2624 354 2656 Hrenrnnrcu.
367 2633 382 2654 a.
391 2623 407 2654 h.
416 2623 427 2654 l.

164 2682 181 2721 4)
194 2682 230 2715 Cfr.
242 2681 309 2714 Bonorn
320 2681 331 2712 1.
340 2680 351 2712 ].
361 2691 376 2723 p.
384 2680 417 2712 QTG
425 2681 453 2712 all

163 2739 180 2779 b)
193 2739 228 2772 cfr.
241 2739 318 2771 Vrrnnvu
331 2738 352 2769 de
364 2738 495 2771 arelritectnml
509 2739 535 2779 X,
545 2738 572 2771 19.
579 2739 605 2771 20.
615 2739 642 2770 91.

163 2797 180 2836 6)
193 2796 250 2829 (losse
263 2796 274 2827 l.
283 2796 287 2827 l
303 2806 318 2837 p.
327 2795 366 2828 aab.

164 2853 181 2893 ἵ)
194 2853 230 2885 Ch.
243 2853 309 2885 Boron
321 2863 337 2893 p.
346 2853 388 2888 234:
401 2853 458 2885 (teser
472 2865 486 2895 p.
494 2855 533 2885 illl.
