1889 3264
363 162 411 202 Otr.
421 163 462 211 ill,
476 176 494 201 v.
504 165 521 200 3.
763 159 809 205 lbi

66 292 85 328 'n
109 285 169 330 abtin
182 292 289 326 extraneos
300 288 369 326 hostes
381 287 441 325 olent.
454 308 478 314 -
490 285 528 337 IV)
541 284 660 325 Gusnnrus¹
672 285 744 324 deinde
753 269 822 336 Scy-i

67 357 164 396 tharum
176 355 307 406 irruptionem
320 355 345 392 ah
357 354 462 392 Herodoto
474 360 576 392 narratam
586 354 642 392 illarn
653 354 765 403 intellexit,
778 358 812 392 ouss

66 425 97 462 ius
114 429 155 462 tam
172 424 248 462 incerta
263 427 324 474 atquc
338 421 416 460 lubrica
431 426 450 460 et
464 421 514 460 fidos
533 421 612 460 omnino
629 426 649 460 et
663 427 742 472 tempus
761 420 811 470 est²,

34 484 36 486 ¹
66 492 101 531 rix
121 497 144 529 ut
159 491 245 529 conferri
263 490 284 527 iu
305 495 405 528 certamen
416 488 488 528 valeat.
504 511 529 516 —
545 489 574 540 V)
588 488 633 527 Neo
653 489 759 527 defuerunt
777 489 812 540 qui

67 558 298 610 Carthaginienses
323 557 383 595 etiam
399 557 467 595 induci
485 569 546 607 posse
565 558 675 607 probarent
694 556 811 607 (urrann,

67 626 184 666 Suussuruu
196 626 210 663 l.
222 625 246 677 1.)
258 638 297 663 uno
310 625 409 663 sublevati
420 625 522 664 turrino
534 624 682 672 hlsnouuuruo,
695 624 730 675 qui
741 625 811 663 urbem

66 693 225 744 Hecatompylos
241 705 254 730 a
270 692 344 732 Poenis
365 693 413 731 olim
433 698 569 743 expugnatam
589 692 660 739 tradit3
680 691 752 744 quibus
772 692 811 731 nisi

66 761 187 810 respondere
198 760 219 797 iu
231 760 298 798 animo
311 767 342 799 est
353 773 398 799 oum
410 759 505 799 Gnsnuo
516 761 567 799 thes.
579 774 597 799 a.
610 773 629 798 v.
641 771 676 809 n),
692 759 753 798 aliam
769 760 811 798 ior-

67 836 121 867 tasse
133 827 242 878 significari
254 828 341 867 eiusdem
352 828 439 867 nominis
450 828 526 875 urbem,
539 828 588 867 satis
600 828 638 866 erit
651 827 762 876 monuisse,
776 827 811 865 du-

67 896 122 934 bium
133 895 184 933 illud
195 896 219 933 (le
230 901 272 933 tam
283 900 361 934 remota
373 895 492 945 antiquitate
506 895 642 934 testimonium
655 895 729 933 idoneo
744 907 811 934 carere

67 968 174 1002 momento.
189 985 213 990 -
230 963 269 1014 VI)
284 963 377 1014 Denique
391 963 444 1001 inter
459 975 504 1011 eos,
527 963 561 1014 qui
574 963 704 1013 praeteritam
723 962 811 1014 aliquam

68 1030 144 1069 cladem
165 1045 178 1069 a
198 1036 244 1068 rate
264 1030 338 1081 respici
358 1030 483 1078 existimant,
502 1031 590 1069 maxime
607 1031 695 1069 omnium
711 1031 813 1069 aberravit

68 1098 205 1146 Bouunnrus,
225 1111 269 1136 cum
287 1104 367 1148 captam
384 1111 397 1137 a
411 1097 579 1137 Nebucadnezare
597 1098 717 1150 intelligeret
735 1099 811 1145 urbem,

69 1171 129 1216 atque
150 1167 199 1204 adeo
220 1165 346 1213 Nahumum,
366 1179 411 1205 cum
431 1172 502 1216 postea
522 1166 644 1216 scripsisset,
665 1166 779 1216 praedictae
799 1179 812 1203 a

69 1233 153 1271 Ieremia
164 1240 184 1272 et
192 1233 296 1272 Ezechiele
307 1234 369 1273 cladis
382 1240 401 1272 et
411 1234 493 1272 iamiam
505 1234 607 1272 contectae
618 1234 709 1272 extitisse
720 1234 800 1272 testem!

102 1301 146 1338 lam
157 1314 204 1339 vero
217 1302 243 1339 ad
254 1302 333 1352 singula
345 1306 462 1352 argumenta
472 1301 518 1349 illa,
536 1314 547 1340 e
563 1302 635 1352 quibus
647 1301 736 1351 singulas
751 1300 813 1339 inter-

69 1373 147 1419 pretum
163 1368 267 1419 opiniones
281 1369 424 1419 improbandas
438 1381 482 1408 esse
490 1370 588 1417 diximus,
601 1369 687 1417 accedit,
700 1369 755 1420 quod
766 1374 813 1407 ante

69 1435 158 1474 Nahumi
172 1441 257 1474 aetatem
268 1436 349 1475 Thebas
361 1449 402 1475 uon
413 1449 457 1476 esse
468 1442 594 1487 expugnatas
610 1442 671 1488 atque
686 1437 762 1475 dirutas
778 1436 812 1474 ne-

70 1516 109 1554 que
119 1503 197 1542 incolas
207 1503 229 1541 in
241 1504 376 1554 captivitatem
388 1505 494 1552 abductos,
512 1518 538 1543 ex
548 1504 599 1555 ipsis
610 1505 758 1555 Aegyptiorum
769 1516 812 1542 mo-

70 1571 169 1610 numentis
180 1577 269 1620 constat,
282 1584 367 1623 quorum
378 1572 456 1611 indiciis
468 1572 674 1623 magnificentissimae
685 1572 740 1611 urbis
748 1572 812 1610 histo·

70 1638 101 1677 ria
113 1638 162 1677 satis
173 1638 282 1678 luculenter
294 1640 418 1687 conficitur&
431 1652 516 1691 quorum
528 1640 646 1679 auctoritate
655 1640 755 1687 docemur,
767 1639 812 1677 uul-

70 1706 111 1745 lam
122 1706 205 1745 alicuius
216 1708 311 1746 momenti
323 1708 399 1746 cladem
411 1708 496 1758 cogitari
507 1720 568 1758 posse
579 1712 625 1746 ante
637 1706 778 1759 Cambysen&

106 1773 163 1823 Quae
175 1787 218 1812 oum
230 1774 259 1813 ita
271 1775 320 1823 siut,
332 1788 408 1826 paucos
419 1776 465 1815 illos
477 1776 579 1826 sequimur
590 1776 720 1825 interpretes,
738 1775 772 1826 qui
783 1774 814 1813 fu-

72 1847 137 1880 turam
156 1841 270 1880 Thebarum
289 1843 390 1882 fortunam
408 1844 567 1892 praenuntiatam
588 1844 689 1890 viderunt,
710 1842 813 1890 Humum,

72 1909 245 1959 Tnuouonuruu,
261 1909 379 1958 Ornrunun,
397 1910 515 1958 Coccurunn
536 1912 642 1949 verborum
657 1910 718 1961 igitur
737 1910 815 1948 formae

72 1990 109 2027 pro
118 1977 240 2027 propheticis
249 1991 300 2028 quae
309 1979 365 2016 aiunt
373 1978 486 2029 praeteritis
494 1979 598 2017 habendae
607 1984 669 2016 erunt.
685 1977 758 2028 Neque
766 1990 814 2017 vero

73 2057 96 2082 eo
108 2045 148 2083 illis
159 2045 239 2084 nomine
251 2046 380 2094 assentimur,
398 2046 453 2097 quod
469 2052 542 2085 certam
559 2046 589 2084 illi
601 2046 702 2098 quandam
713 2044 815 2096 indigitari

73 2112 240 2162 expuguationem
252 2114 401 2161 existimaruut;
414 2114 454 2152 imo
467 2114 556 2165 Aegypti
565 2120 625 2164 caput
634 2113 815 2164 splendidissimum

73 2180 154 2218 omnino
169 2180 195 2218 iri
209 2193 299 2219 eversum
317 2182 408 2230 docetur,
425 2182 486 2233 idque
501 2188 542 2220 tarn
557 2196 570 2220 a
585 2181 695 2233 Cambyse,
713 2194 773 2232 quam
789 2182 815 2219 ab

73 2248 118 2286 aliis
130 2247 221 2298 deinceps
235 2249 336 2297 omnibus,
353 2249 387 2300 qui
399 2250 480 2289 Thebas
495 2263 583 2304 uuquam
599 2250 751 2297 destruxerunt,
769 2261 816 2287 con-

73 2315 146 2354 iectum
157 2320 192 2355 est.

63 2381 65 2383 ’
106 2383 202 2423 Videmus
213 2383 274 2434 igitur
285 2384 362 2423 duabus
375 2397 400 2423 ex
409 2386 485 2424 caussis
492 2385 608 2424 Thebarum
616 2384 684 2424 afferri
693 2384 817 2434 exemplum:

73 2452 168 2501 primum,
184 2465 209 2491 ue
224 2458 296 2491 natura
309 2452 359 2491 Nini
371 2459 391 2491 et
403 2454 475 2504 opibus
487 2454 568 2505 Assyrii
580 2453 690 2505 quidquam
702 2457 772 2491 contra
784 2452 818 2490 de-

74 2520 168 2559 stinatum
180 2520 218 2559 sibi
229 2521 293 2560 fatum
305 2521 371 2560 valere
383 2521 531 2570 existimarent;
548 2529 590 2561 tum
601 2534 660 2570 vero,
676 2535 701 2560 ue
718 2519 762 2572 quis
777 2518 819 2558 illis

109 2707 118 2737 1
137 2705 172 2739 on.
185 2707 273 2739 Hallische
284 2707 442 2753 litteraturzeitung
454 2711 504 2752 1841,
516 2710 552 2744 No.
561 2712 575 2743 1.

108 2707 126 2804 21
136 2764 157 2796 F.
170 2766 192 2797 A.
205 2763 280 2796 sintuss
292 2765 345 2807 Zeph.
360 2768 410 2810 proll.
423 2779 438 2810 p.
448 2767 494 2799 xtx
502 2777 524 2799 ss.
539 2767 638 2800 Dnnnzscn.
647 2765 692 2800 Hah.
705 2775 720 2808 p.
729 2765 798 2799 xvttt.

120 2820 174 2860 >an
186 2821 242 2854 Lursu
254 2821 313 2855 Briefe
326 2834 356 2857 aus
370 2825 414 2867 Acg.
428 2836 443 2867 p.
452 2825 485 2857 ‘tta
499 2834 521 2856 ss.

109 2821 119 2852 3

109 2877 127 2917 t>
140 2877 174 2912 Gir.
187 2879 251 2912 ibidem
263 2881 330 2920 [11276.
